3017 4817
238 308 347 361 xxvm
700 287 877 374 ousion

240 462 272 521 iu
287 458 397 541 quibus
413 458 478 517 eius
492 458 622 537 genuina
634 458 745 539 scripta
759 459 904 519 oontineri
918 468 970 519 aut
984 456 1116 519 vidimus
1133 468 1185 517 aut
1198 459 1345 539 legirnm.

239 564 272 621 in
287 557 470 620 bibliothsoa
484 563 626 621 Vatioana
640 564 776 643 quinque
787 573 859 622 sunt
869 560 1044 622 huiusmodi
1054 560 1191 637 oodioes,
1212 581 1344 644 quor-mn

240 666 355 747 primus
375 665 511 743 signatur
527 666 701 730 num-121.
745 668 778 723 in
799 686 836 725 eo
857 674 975 743 praeter
990 662 1180 741 cleomedis,
1200 666 1343 746 Dionysii

238 768 430 847 Pariegetae,
452 763 607 827 Theodori
625 767 783 827 Prodromi
797 768 986 849 aliorumque
998 786 1090 847 opera
1102 777 1174 826 sunt
1188 769 1345 849 ἡσυχίου

241 863 387 935 διακόνου
407 868 461 933 κοί
480 871 714 954 <ituros-oduuino
732 874 790 934 τοῦ
812 871 946 935 Πισίίου
960 872 1054 951 στίχοι
1067 870 1111 944 τίς
1124 865 1183 951 τὴν
1194 864 1345 950 ‘Etrurine-

239 996 307 1053 σου.
350 970 448 1032 codex
469 982 515 1033 est
531 976 767 1050 minutissimus,
788 972 844 1034 sed
858 974 1044 1053 elegantibus
1058 974 1166 1033 litteris
1180 984 1342 1033 exaratus:

240 1075 335 1135 iambi
348 1075 475 1155 singulis
489 1078 608 1157 paginis
619 1078 662 1135 ‘in
683 1087 823 1159 quattuor
837 1078 991 1136 columnas
1006 1074 1199 1155 digenmtnr,
1219 1079 1342 1135 nonita
1371 1095 1375 1102 ’

239 1188 342 1239 tamen
354 1190 389 1238 nt
403 1189 463 1237 tota
476 1180 615 1239 solumna
625 1182 723 1261 prima
735 1176 865 1259 legenda
876 1180 930 1255 sit,
951 1188 1114 1260 antequem
1125 1176 1165 1237 ad
1175 1178 1341 1240 seeundum

242 1284 311 1363 quis
325 1280 551 1362 progrediatur,
572 1282 628 1343 sed
642 1302 660 1343 a
673 1284 802 1362 singulis
816 1285 961 1363 cuiusque
975 1281 1134 1341 columnae
1149 1284 1255 1361 primis
1267 1302 1342 1341 rer-

242 1384 325 1445 sibus
350 1383 557 1465 incipiendmn
583 1387 638 1462 sit,
667 1398 697 1445 et
718 1388 762 1446 sio
783 1383 893 1445 deinde
918 1381 1101 1443 veniendum
1121 1382 1161 1443 ad
1180 1382 1340 1460 seormdns,

241 1488 363 1563 tertios,
385 1500 524 1569 quartos,
546 1499 636 1571 atque
659 1508 695 1549 eo
716 1486 821 1548 ordine
836 1482 1072 1548 sentinuandum
1084 1504 1181 1566 usque
1195 1484 1236 1543 sd
1247 1486 1341 1545 linem

242 1590 382 1669 paginus.
426 1599 559 1649 aeterum
575 1592 679 1651 multis
703 1599 798 1650 scatet
818 1590 982 1664 erroribus,
1007 1608 1042 1647 so
1060 1589 1162 1668 plures
1181 1590 1215 1647 in
1231 1609 1268 1648 eo
1284 1589 1339 1649 de-

242 1702 314 1751 sunt
333 1712 454 1769 versus,
483 1694 585 1771 plures
607 1704 676 1753 sunt
698 1702 785 1753 extra
807 1690 945 1751 ordinem
966 1694 1149 1769 transpositi.
1169 1690 1341 1752 secundus

243 1792 342 1855 oodex
353 1794 514 1855 Vaticanus
529 1804 574 1853 est
586 1798 666 1870 166,
686 1813 748 1853 non
770 1774 956 1872 ineleganter
973 1792 1029 1853 sed
1048 1796 1181 1854 multum
1192 1793 1350 1855 mendose·

242 1898 386 1975 scriptus,
426 1910 495 1955 oum
523 1893 784 1955 emendationibus
805 1916 823 1955 a
844 1898 1002 1956 reoentiori
1026 1916 1120 1956 manu
1140 1896 1283 1978 adpositis
1306 1902 1341 1957 in

242 2001 391 2077 margine.
433 2000 539 2057 titulus
551 2009 596 2059 est
609 2002 666 2062 τοῦ
678 1994 858 2078 σοφωτάτου
873 1998 925 2061 καί
937 1994 1116 2083 λογιωτάτου
1127 1999 1181 2063 καί
1195 2000 1342 2082 deotper-

240 2100 351 2183 ὄσρίου
364 2096 564 2195 τῆςιμσγᾶίης
579 2100 751 2183 ἐκκλησίας,
772 2102 880 2182 κυρίου
894 2104 952 2164 τοῦ
964 2104 1111 2181 Πισίίου,
1131 2104 1225 2183 στίχοι
1237 2103 1341 2183 lautis·
1383 2132 1390 2141 ·

240 2202 292 2269 κοί
311 2200 385 2287 κρδς
408 2199 461 2269 τόυ
481 2197 668 2287 κυτριοὶρχηυ
688 2198 1040 2277 Κωνσσουτιυουκόίεως
1057 2202 1201 2286 Σίρχιου,
1221 2203 1281 2265 boo
1295 2216 1341 2264 est

241 2310 276 2365 τίι
287 2307 496 2367 Hexai'msrnn
509 2308 612 2387 Sergio
626 2308 771 2366 dinatum.
816 2328 858 2366 ex
871 2306 930 2367 hoo
942 2304 1045 2365 codice
1058 2304 1163 2365 deoam
1177 2308 1247 2366 illos
1261 2308 1341 2365 mm-

218 2439 221 2453 ·
240 2409 296 2469 bos
310 2410 517 2489 supplevimus
534 2411 567 2467 in
583 2410 730 2489 principio
746 2430 776 2468 r.
792 2416 851 2486 22,
874 2411 927 2491 qui
939 2412 1055 2469 suntin
1066 2407 1189 2469 laudern
1204 2406 1341 2469 eiusdem

241 2510 351 2589 Sergii.
396 2508 506 2569 desinit
526 2514 559 2567 in
579 2530 701 2571 versum
726 2516 823 2576 1627:
846 2508 945 2586 οὕτως
962 2512 1071 2575 ἕκαστα
1090 2504 1343 2593 συμφερῦυτυςῆ

240 2605 344 2693 χάρις,
363 2609 418 2671 sad
439 2630 494 2691 pro
518 2605 605 2689 χάρις
624 2608 717 2671 habet
732 2613 837 2688 κτίσις.
879 2617 984 2673 tertius
1004 2614 1101 2674 oodex
1120 2615 1280 2675 Vaticanus
1293 2625 1343 2675 est

242 2716 322 2789 867,
343 2714 377 2771 in
397 2732 457 2793 quo
471 2713 533 2777 419
546 2714 639 2772 iambi
652 2724 770 2774 tantum
787 2717 826 2774 ab
840 2720 1030 2777 Hexabmero
1044 2720 1175 2797 exaerpti
1186 2718 1340 2795 leguntur,

243 2818 296 2898 qui
311 2827 382 2877 sunt
396 2814 433 2874 de
447 2816 624 2877 animalium
638 2818 886 2897 proprietatibus:
913 2821 1020 2899 insipit
1033 2823 1115 2879 enim
1129 2841 1147 2879 a
1162 2840 1249 2881 versu
1262 2824 1339 2886 938:

243 2923 290 2996 τίςΙ
303 2924 417 3003 ταῦρον
428 2914 603 3002 ίκριίτυυιυ,
626 2930 656 2977 et
670 2917 780 2979 desinit
792 2922 825 2979 in
840 2940 962 2981 versum
974 2922 1074 2987 1367:
1096 2916 1173 3004 πρὸς
1183 2917 1280 3003 ἥνπερ
1292 2917 1341 2984 εί-

244 3044 295 3105 χιυ
309 3016 417 3087 ου’σίσκ
431 3016 621 3104 οὐοοτρίφει.
664 3032 744 3083 totns
765 3035 811 3083 est
827 3026 1016 3103 negligenter
1028 3035 1059 3083 et
1072 3045 1090 3083 a
1103 3025 1228 3084 barbara
1245 3043 1342 3083 manu

244 3138 402 3202 exaratus,
426 3135 534 3185 utnon
547 3124 665 3185 dubites
681 3145 752 3186 eum
766 3130 942 3209 nequioris
955 3129 1068 3187 saemli
1082 3126 1214 3209 quodum
1227 3126 1340 3185 Graaoo

244 3212 412 3287 emanasse.
454 3229 559 3287 titulus
574 3239 620 3287 est
633 3229 786 3313 Γτωρχίου
801 3234 858 3293 τοῦ
869 3225 1048 3310 σοφωτάτου
1061 3229 1114 3293 καί
1126 3224 1271 3293 διακόνου
1283 3231 1341 3309 τῆς

243 3333 299 3393 soti
315 3324 445 3411 μεγᾶίης
457 3328 614 3411 ἐκκλησίας
627 3332 728 3413 στίχοι.
771 3335 804 3391 in
823 3332 883 3393 fine
899 3333 1010 3413 legitur
1024 3331 1109 3407 τίίος
1121 3336 1183 3395 sois
1194 3332 1341 3411 στιχείοτκ.

242 3434 374 3508 interea,
397 3432 479 3513 quod
498 3436 623 3510 mirere,
645 3434 738 3493 iambi
756 3454 819 3493 non
838 3446 909 3495 sunt
927 3440 1073 3519 στιχηροῖς
1091 3434 1146 3495 sed
1164 3436 1197 3493 in
1213 3430 1341 3492 modurn

241 3556 349 3619 prosae
374 3536 515 3597 orationis
537 3539 675 3618 scriptas.
718 3546 841 3617 quartus
863 3536 961 3599 oodax
974 3541 1043 3600 Vat.
1059 3549 1105 3598 est
1117 3538 1217 3611 1126,
1239 3554 1341 3594 mem-

240 3642 422 3717 branaceus,
444 3643 508 3701 eins
522 3642 637 3701 formae
652 3658 744 3723 quam
759 3638 886 3699 dieimm
899 3642 933 3701 iu
946 3645 1002 3717 16,
1023 3639 1119 3700 nitide
1136 3650 1168 3699 et
1188 3639 1342 3718 eleganter

90 3768 118 3824 p.
133 3746 225 3803 xxvt
241 3756 287 3823 et,
308 3755 343 3805 ut
362 3742 499 3819 videtur,
521 3746 599 3802 oiroa
619 3746 773 3803 saeculum
792 3746 832 3809 13
852 3746 982 3825 aperito
997 3740 1183 3822 osiligrapbo
1201 3742 1342 3819 scriptus.

237 3850 265 3907 is
286 3859 332 3909 ast
352 3843 451 3906 oodex
471 3866 511 3905 ex
529 3866 590 3928 qno
611 3846 733 3906 fuerunt
750 3848 900 3926 exscripta
914 3846 1059 3925 opuscula
1072 3842 1193 3905 Pisidae
1208 3844 1247 3903 ab
1262 3842 1343 3901 liol-

241 3951 338 4010 stenio
355 3952 449 4009 missa
467 3950 622 4025 bialtreto,
644 3968 736 4030 quem
757 3950 888 4009 Allatius
903 3967 965 4007 uon
980 3947 1074 4025 vidit,
1099 3968 1116 4007 a
1133 3967 1194 4029 quo
1210 3963 1341 4027 spogra-

241 4050 338 4131 plrum
351 4048 552 4111 bibliothecas
565 4052 755 4111 (laminianae
768 4052 933 4112 formatum
945 4063 1007 4129 est,
1028 4063 1060 4111 et
1072 4071 1133 4132 qno
1146 4048 1270 4109 demum
1282 4066 1344 4105 nos

243 4156 276 4211 in
294 4151 352 4211 baa
374 4152 504 4213 editione
523 4150 709 4233 procuranda
725 4156 775 4213 nsi
791 4174 906 4215 sumus.
948 4157 982 4213 in
1000 4175 1036 4214 eo
1054 4156 1137 4213 enim
1151 4153 1347 4212 eontinentur

243 4256 345 4317 omnia
369 4252 489 4315 Pisidae
511 4258 642 4317 munina
665 4254 724 4319 hoo
747 4258 837 4320 titulo
853 4268 945 4346 atqua
961 4256 1064 4319 ordine
1079 4256 1174 4337 στίχοι
1189 4254 1349 4337 Γιυρχίου
