3017 4817
286 286 358 362 tt:
717 292 780 363 nu
805 290 948 361 canen

282 459 322 517 tis
337 464 434 533 sonat,
455 452 510 515 sed
524 464 554 515 et
565 455 707 535 plateam.
749 454 938 537 Hesychius:
960 451 1086 537 ἄμφοδον
1098 446 1246 535 al6rr'pus,
1266 447 1384 537 ἆγνεαὶ,

283 543 390 606 δίοδον.
434 544 568 601 lrexicon
583 543 688 603 Graec.
704 560 751 603 ms
765 546 798 603 lu
810 539 993 602 bibliotheca
1005 543 1100 621 Regia
1113 538 1179 601 cod.
1192 539 1272 603 980:
1294 534 1385 619 ὄμφ-

173 640 197 694 P
213 640 266 699 587
282 628 355 703 odor
374 622 466 709 ὅήμη.
509 622 651 709 ἄμφοδον
678 626 798 705 diodor,
833 624 946 711 ρήμην.
994 628 1102 709 quibus
1123 626 1198 684 locis
1219 622 1386 705 legendum

284 706 367 793 ῥύμη
394 724 424 771 et
451 706 561 793 ὅῦμην.
611 710 667 772 sed
690 723 719 772 et
744 732 762 772 a
787 710 869 795 ῥύμη
891 732 998 772 vocem
1020 712 1167 771 Gallicam
1187 710 1245 767 rui
1263 707 1386 768 deducit

283 800 324 858 ll.
348 794 529 879 Stephanus.
579 808 659 857 recte
679 808 781 857 autem
798 818 930 879 rugam,
962 796 1132 858 scandulum
1153 795 1384 875 vertitl’epias,

284 902 340 943 seu
356 902 479 963 parvam
494 885 649 959 semitam,
672 883 840 943 cuiusmodi
854 894 923 943 suut
936 884 1012 943 sulci
1026 901 1102 964 quos
1116 883 1149 939 iu
1163 881 1262 941 fronte
1276 898 1387 939 senum

287 968 421 1028 alliciunt
445 986 552 1047 rugae:
582 966 663 1029 unde
683 967 808 1029 indubie
829 988 918 1049 rugas
939 969 1128 1049 appellarunt
1148 964 1243 1025 nostri
1263 966 1385 1047 quasvis

234 1116 241 1133 ‚
286 1054 403 1135 plateas
425 1056 601 1129 strictiores,
624 1052 706 1135 quod
724 1074 867 1133 rugarum
885 1073 962 1135 quae
979 1056 1012 1113 in
1027 1054 1127 1113 fronte
1144 1068 1251 1112 senum
1265 1060 1387 1109 coutra-

285 1136 400 1198 huntur
424 1139 554 1197 formam
577 1140 717 1199 referant.
761 1137 816 1200 sed
839 1150 869 1198 et
891 1140 1014 1200 obserro
1035 1148 1152 1218 partem
1171 1138 1259 1195 illam
1278 1134 1387 1213 templi

283 1223 420 1302 plateam
443 1232 473 1282 et
496 1226 578 1283 νίαηε
596 1226 742 1305 appellari
757 1228 790 1283 iu
805 1222 906 1284 charta
918 1245 947 1283 a.
962 1225 1089 1289 13:711·
1103 1219 1211 1281 eodem
1222 1222 1265 1278 Μ.
1276 1221 1387 1279 Pasto-

288 1309 345 1367 rali
365 1310 517 1369 Ecclesiae
539 1312 633 1370 Paris.
651 1331 683 1389 p.
703 1311 785 1375 367:
806 1312 877 1369 item
898 1310 1074 1369 orditam
1095 1318 1124 1366 et
1136 1306 1387 1386 pronuntiamus,

288 1393 411 1474 quodsi
425 1396 457 1453 in
468 1394 589 1473 platea,
610 1397 695 1475 infra
706 1395 826 1475 gradus
836 1416 894 1475 per
910 1416 984 1476 quos
997 1394 1170 1453 usomdc'tur
1181 1391 1227 1450 ad
1239 1409 1387 1469 magnum

286 1478 399 1550 altars,
421 1478 489 1537 licet
502 1482 542 1537 sit
555 1500 607 1538 seu
621 1482 742 1540 dicmur
752 1480 912 1559 capitium,
932 1480 1033 1559 alequi
1047 1479 1124 1537 cem·
1142 1479 1177 1536 in
1196 1472 1388 1535 candelabris

283 1574 439 1641 ponantur
452 1566 484 1622 ln
493 1576 583 1643 parte
595 1566 731 1645 inferiori
742 1586 833 1644 cuper
845 1564 955 1624 :umbo
967 1566 1176 1645 defunctorem
1189 1572 1248 1622 etc.
1290 1560 1387 1619 inira:

286 1648 325 1707 ds
347 1648 549 1708 lurr'sdlctlone
568 1661 669 1709 auum
691 1650 831 1710 ecclesius
842 1652 1036 1721 Paruum,
1055 1682 1099 1695 -
1119 1646 1294 1707 ordinamus
1307 1644 1392 1725 quod

286 1754 309 1791 a
320 1736 421 1810 primo
439 1734 576 1813 inferiori
583 1734 752 1814 graduum,
767 1756 826 1813 per
845 1756 920 1816 quos
937 1734 1109 1793 cremum
1120 1732 1166 1791 aul
1179 1752 1328 1811 magnum
1338 1728 1389 1788 al-

287 1827 364 1888 tare,
394 1828 423 1875 et
441 1821 636 1877 circumcirca
656 1840 804 1900 mgnum
826 1832 854 1878 et
867 1840 1003 1898 parvum
1024 1818 1153 1889 alwio,
1181 1820 1263 1875 intra
1286 1826 1389 1875 mmm

286 1900 462 1961 clausuram
486 1924 564 1983 quoe
584 1902 628 1963 ibt
647 1916 702 1976 ert,
724 1916 752 1963 et
768 1926 831 1965 nor:
854 1916 950 1976 aem,
972 1914 1034 1963 tota
1051 1904 1216 1963 iwisdiem
1233 1912 1276 1961 est
1288 1911 1317 1958 et
1332 1901 1390 1958 erit

286 1990 428 2067 epiceopi:
451 1989 484 2046 irs
500 1990 551 2047 νία
565 2000 667 2047 autem
683 1992 769 2048 matu
782 1992 862 2069 ἰμοε
873 1989 1005 2071 μυὼν,
1019 2008 1079 2069 per
1094 2008 1187 2069 quam
1199 1990 1262 2046 :lut
1274 1986 1313 2044 (le
1326 2005 1387 2043 urso
1436 1995 1442 2006 ’

285 2074 360 2130 ostio
373 2072 476 2153 ferreo
497 2074 542 2132 ad
558 2074 648 2133 autad
665 2076 775 2133 osteism
797 2075 834 2133 ‹la
854 2087 1036 2145 omaso,
1058 2072 1297 2152 eritpruevsntso
1310 2072 1388 2129 r'rster

287 2159 458 2237 epsicopum
472 2170 502 2216 et
513 2158 682 2241 capitulum
696 2170 753 2219 etc.
796 2156 851 2221 sed
862 2170 897 2219 ut
909 2157 949 2218 ad
961 2160 1076 2220 soleam
1088 2168 1228 2234 revertar,
1248 2176 1320 2237 pars
1333 2156 1387 2214 illa

285 2245 393 2324 templi
407 2245 525 2323 vulgari
542 2264 577 2303 ac
595 2256 713 2325 recepto
726 2242 873 2325 loquendi
886 2242 977 2305 ruodo
990 2246 1076 2327 βῆμα
1090 2238 1293 2326 ἆναγνωσεῶν
1308 2239 1387 2299 dicta

170 2392 173 2414 ι
286 2337 347 2403 est,
370 2328 477 2404 idest,
499 2332 530 2387 in
545 2349 604 2410 qua
619 2331 822 2389 consistebant
832 2332 969 2390 lectores.
1011 2331 1175 2387 cumcuim
1189 2330 1222 2386 iu
1233 2327 1323 2385 berna
1335 2344 1388 2385 sa·

286 2432 387 2488 orum,
418 2418 523 2473 ceteris
552 2416 693 2473 ecclesiae
717 2416 852 2495 partibus
875 2412 1002 2489 editius,
1029 2415 1101 2473 solis
1124 2410 1327 2473 sacerdotibus
1352 2430 1387 2469 ac

287 2497 421 2556 diaconis
451 2500 688 2558 ministrantibus
717 2498 817 2558 editus
840 2510 971 2579 pateret,
1001 2497 1178 2559 subdiaconi
1201 2517 1237 2556 ac
1260 2498 1387 2555 lectores

287 2592 374 2640 extra
398 2584 546 2642 cancellos
568 2586 601 2641 in
621 2585 703 2643 solea
726 2582 851 2664 perinde
874 2582 992 2643 editiori
1013 2584 1150 2657 stabeut3
1179 2579 1261 2642 uude
1282 2600 1387 2641 eorum

289 2666 378 2724 bema
395 2668 542 2747 appellata
562 2677 623 2743 est,
646 2667 791 2727 adinstar
806 2670 934 2729 bematis
950 2670 1043 2745 sacri,
1064 2671 1097 2726 iu
1113 2687 1173 2749 quo
1188 2666 1388 2726 consistebant

289 2750 468 2812 secerdotes.
511 2751 543 2810 id
560 2751 686 2813 adstruit
699 2755 833 2835 Symeon
845 2752 1142 2814 Thessalonicensis:
1163 2746 1388 2825 ὖποδιαεόνονς

289 2836 343 2901 aa:
364 2831 559 2921 ἀναγνώστας
578 2843 741 2919 καθῆσθαι
759 2836 817 2921 χροὶ
832 2838 947 2915 licitu
962 2838 1018 2901 sori
1032 2833 1166 2921 βήματος
1176 2833 1254 2919 crode
1266 2833 1320 2901 so's
1334 2854 1388 2898 ao·

290 2920 376 3000 llus,
399 2918 435 2997 te
452 2918 491 3002 dri
510 2922 561 2985 sol
575 2926 659 3006 βῆμα
671 2927 803 2987 καλεῖται
814 2917 1027 3007 mustuosis.
1070 2941 1243 3005 quanquam
1256 2942 1318 2982 nou
1332 2919 1389 2979 de-

289 3017 362 3067 sunt
382 3011 435 3089 qui
456 3010 569 3068 soleam
592 3011 737 3069 lectorum
760 3010 849 3069 bema
872 3030 937 3071 esse
952 3010 1134 3089 appellatam
1147 3016 1284 3083 censent,
1306 3004 1388 3087 quod

289 3112 327 3151 ea
347 3094 469 3152 amboni
493 3092 716 3176 quodammodo
737 3095 918 3170 subiaceret,
941 3098 989 3153 cui
1007 3093 1041 3153 id
1062 3094 1269 3174 appellationis
1284 3092 1389 3152 tribuit

289 3177 399 3237 diserte
414 3180 628 3243 Sozoruenus9
650 3185 688 3245 2:
710 3176 819 3255 :lecito
836 3174 933 3261 ualrriu
949 3186 1073 3243 :reicias
1086 3176 1156 3261 περὶ
1173 3173 1389 3259 tristandum,

288 3266 373 3345 βῆμα
395 3260 427 3325 dl
450 3268 540 3326 τοῦτο
566 3270 626 3329 τῶν
651 3258 859 3347 ciscyvuurciv.
901 3275 932 3324 et
951 3265 1009 3327 tn
1030 3267 1072 3323 eit
1089 3261 1389 3343 S.(ll1rysostomum

288 3350 454 3407 orationem
478 3347 618 3409 habuisse
641 3348 681 3409 ad
704 3352 851 3431 populum
872 3348 922 3413 ἐπὶ
944 3354 1001 3413 rori
1018 3345 1154 3431 βήματος
1168 3352 1230 3411 τῶν
1247 3342 1388 3429 duorum·

288 3450 368 3495 ων
387 3428 602 3512 καθεζόμενον.
643 3454 743 3517 neque
766 3437 854 3494 aliter
878 3436 1015 3495 Socrates
1035 3436 1057 3494 l.
1070 3438 1106 3511 6,
1128 3436 1181 3494 ubi
1194 3434 1297 3495 scribit
1310 3452 1388 3491 euu-

287 3514 358 3580 dem
381 3538 421 3579 ex
443 3520 570 3579 ambone
585 3529 619 3579 ut
634 3522 799 3600 plurimum
813 3518 853 3579 ad
866 3522 1013 3601 populum
1029 3539 1200 3601 perorasse,
1223 3514 1299 3582 ὅθεν
1317 3510 1388 3579 slu'-

287 3610 340 3666 θεε
362 3603 413 3667 :tul
437 3601 585 3685 πρότερον
606 3602 728 3685 ὁμιλεῖν.
770 3609 804 3665 in
821 3608 946 3667 concilio
958 3604 1127 3665 Laodiceno
1140 3624 1206 3664 can·
1225 3605 1264 3669 15
1279 3602 1388 3661 dicuu-

286 3698 337 3747 tur
357 3692 492 3749 canonici
514 3691 630 3770 psaltae
646 3690 696 3754 lul
710 3686 766 3755 cic
781 3687 1118 3773 ἄμβωνεᾶναβαίνεεν,
1139 3701 1170 3750 et
1187 3692 1219 3749 in
1233 3688 1310 3747 libro
1329 3688 1388 3747 Sa-

285 3784 507 3835 crementorum
526 3777 559 3835 S.
578 3778 730 3857 Gregorii:
751 3776 887 3836 meandi:
908 3776 1046 3835 lecturire
1061 3774 1232 3847 umbonem,
1249 3794 1388 3854 pronun·

286 3860 367 3918 tium
386 3871 442 3920 etc.
484 3863 527 3918 lta
548 3858 677 3943 denique
698 3860 731 3920 S.
754 3864 920 3943 Cyprianus
942 3884 989 3942 ep.
1012 3860 1216 3927 dilectorem
1237 3863 1278 3917 eit
1297 3878 1388 3938 super

280 3944 450 4023 pulpitum,
473 3946 508 4004 id
519 3958 662 4025 estsuper
676 3944 815 4004 tribuual
825 3946 977 4019 ecclesiae,
994 3948 1166 4026 impositum
1179 3946 1286 4025 legisse
1292 3964 1388 4022 prae-

285 4040 373 4107 cepta
398 4043 427 4088 et
449 4030 640 4110 evangelium
660 4032 784 4090 domini.
830 4034 944 4093 soleam
964 4030 1166 4113 sophianam,
1185 4041 1221 4090 ut
1235 4040 1266 4089 et
1279 4029 1388 4088 embo-

285 4132 373 4187 uem,
403 4136 443 4173 ex
466 4114 606 4196 onychite
627 4114 743 4195 lapide,
765 4116 797 4191 ἐξ
820 4110 957 4199 ὀνυχίτον
979 4122 1087 4195 lidos,
1109 4116 1271 4176 coniecisse
1294 4116 1389 4172 lusti-

285 4198 411 4257 nianum
432 4197 568 4274 tradunt,
591 4204 643 4282 qul
665 4210 827 4283 utrumque
842 4220 914 4263 casu
933 4204 1042 4262 trullae
1057 4203 1240 4261 confractum
1254 4208 1386 4273 neunt,

284 4284 320 4342 iu
335 4284 443 4366 qulbus
458 4295 503 4345 est
516 4284 679 4346 Cedrenus.
708 4288 887 4371 Anonymus
898 4288 995 4349 multo
1006 4288 1214 4368 pretiosiorem
1227 4284 1385 4347 describit:
