3017 4817
696 265 758 363 nu
783 262 924 360 ornan

258 686 290 747 1.
333 638 557 743 Exaedilioato
579 692 610 743 et
626 682 791 749 moenibus¹
807 682 898 763 louge
920 678 1099 762 amplificato
1120 680 1285 761 Byzantio,
1305 700 1366 740 re-

261 772 377 849 terIque
396 771 479 829 urbis
500 771 701 850 appellatione
720 772 753 827 in
773 789 861 828 sunm
877 788 988 827 nomen
1002 766 1167 842 transfusa,
1189 768 1368 825 constanti·

260 874 318 913 nus
337 858 379 914 M.
404 876 507 916 recens
528 854 729 916 christianam
753 856 931 935 religionem
952 854 1127 933 amplexus,
1149 870 1227 911 auno
1241 852 1367 930 imperii

260 942 421 1016 vicesimo,
442 942 591 1020 templum
601 928 663 1000 =deo
678 942 889 1020 omnipotenti,
912 942 960 997 oui
972 950 1068 997 totum
1083 957 1115 997 se
1128 935 1365 1012 commendarat,

261 1030 430 1102 exstruxit,
452 1026 590 1109 illudque
612 1030 651 1111 τῇ
671 1024 756 1111 Ἁγίᾳ
774 1027 877 1111 Σοφίᾳ
892 1044 946 1084 seu
964 1024 1083 1083 divinae
1099 1024 1263 1101 sapientiae
1278 1020 1367 1080 diea-

262 1114 323 1185 vit,
346 1111 378 1171 id
394 1124 438 1171 est
453 1110 589 1172 christo:
602 1112 710 1187 filium
724 1130 856 1190 namque
868 1111 928 1181 dei,
951 1120 983 1169 nt
996 1112 1037 1168 ait
1048 1112 1197 1187 Rupertns
1210 1106 1247 1166 de
1260 1110 1366 1166 Divin.

262 1197 343 1255 offic·
361 1203 400 1263 10
423 1197 480 1272 15,
504 1198 633 1257 dioneos
647 1218 749 1255 veram
767 1208 795 1255 et
808 1194 1083 1255 incommutabilem
1098 1195 1290 1271 sapientiem,
1309 1210 1369 1271 per

264 1303 358 1361 qnam
382 1286 552 1341 universam
576 1283 907 1341 enumeraturum.
952 1281 1111 1359 Byzantini
1131 1288 1232 1337 autem
1253 1282 1368 1337 omisso

262 1364 363 1448 Ἀγίος
384 1368 531 1428 vocabulo
554 1371 676 1447 Σοφίαν
699 1366 807 1427 aedem
820 1370 910 1427 istam
925 1364 1007 1425 nude
1021 1363 1214 1445 postmodum
1227 1366 1368 1443 appella-

264 1465 343 1511 runt.
386 1456 473 1514 istius
504 1452 687 1513 conditorem
712 1464 876 1533 agnoscunt
901 1454 1129 1511 Constantinum
1149 1448 1368 1529 Theophanes,

265 1537 429 1615 cedrenus,
455 1541 574 1619 Glyoas,
596 1542 709 1598 Paulus
725 1542 849 1597 Diaeon.
863 1544 893 1611 2,
915 1534 1100 1617 Nicephorus
1116 1536 1289 1600 Callistns7
1311 1535 1367 1610 49,

267 1635 297 1682 st
317 1635 465 1706 quotquot
485 1626 549 1685 fere
571 1627 757 1684 Constantini
772 1644 819 1684 res
836 1626 961 1702 attigere
978 1624 1146 1701 scriptores.
1189 1631 1221 1679 at
1233 1618 1370 1679 cedinus

265 1728 327 1768 non
341 1709 379 1768 de
392 1731 472 1769 novo
488 1712 636 1769 excitasse
648 1728 792 1788 magnam
804 1710 971 1783 ecolesiam,
994 1706 1047 1767 sed
1062 1704 1168 1765 aedem
1179 1724 1370 1786 paganorum

263 1798 348 1875 prius
363 1798 575 1871 exsistentem,
595 1794 686 1855 idolis
699 1805 730 1853 et
743 1794 870 1855 deorum
883 1794 1238 1871 simulastispurgatam,
1261 1788 1300 1849 ad
1314 1809 1370 1849 eo-

264 1880 373 1938 olesiae
388 1878 573 1941 Christianae
588 1901 678 1939 nsum
691 1883 865 1939 immutasse
880 1881 1106 1940 Constantinum
1118 1896 1275 1957 perperam
1289 1878 1371 1935 sori-

262 1967 340 2043 psit,
367 1986 436 2023 oum
452 1964 569 2025 disertis
581 1968 681 2024 verbis
695 1965 795 2024 tradat
808 1964 960 2024 Cedrenns
978 1984 996 2021 a
1012 1962 1218 2023 fundamentis
1233 1959 1370 2041 Sophia-

263 2070 338 2107 nam
359 2049 531 2109 aedificasse
554 2048 676 2123 aedem,
698 2052 841 2129 illiusque
861 2045 1034 2108 condendae
1054 2046 1226 2126 Euphratae
1246 2044 1370 2105 suidam

265 2136 303 2193 ab
319 2155 355 2194 eo
369 2156 471 2193 euram
485 2134 709 2195 demandatam.
742 2134 826 2195 aedis
841 2135 1103 2193 constantinianae
1113 2133 1210 2191 forma
1223 2133 1281 2191 fuit
1294 2130 1370 2189 dro-

260 2223 357 2293 mioa,
379 2219 413 2279 id
427 2231 472 2281 est
488 2220 648 2302 quadrata,
670 2218 726 2279 sed
743 2220 910 2298 oblongior.
952 2220 994 2277 ita
1016 2221 1097 2277 enim
1120 2212 1265 2298 δρομικόν
1285 2219 1370 2275 aeci-

261 2304 411 2386 piendum
431 2318 553 2365 censent
575 2308 711 2386 plerique
732 2326 749 2365 e
770 2304 967 2379 doctioribus,
990 2306 1046 2363 etsi
1060 2304 1189 2363 Alletius
1202 2312 1369 2382 repugnet,

261 2390 343 2450 unde
364 2403 443 2451 recte
466 2390 657 2449 Theodosius
673 2390 855 2468 Zygomalus
877 2388 978 2471 (apud
994 2391 1132 2449 Crusium
1144 2408 1174 2467 p.
1187 2386 1271 2467 201)
1295 2388 1371 2465 doo-

263 2472 369 2558 μικόν,
393 2473 475 2557 quod
489 2484 534 2533 est
547 2474 636 2551 disqu
650 2469 824 2551 νάρθηκος,
846 2477 875 2529 et
888 2478 954 2533 ’πᾶν
970 2471 1114 2553 δρομικόν
1131 2468 1275 2552 νάρθηκα
1290 2472 1371 2532 dixit

263 2562 421 2639 appellari.
464 2556 614 2620 eiusmodi
631 2568 733 2617 autem
755 2567 801 2617 est
822 2555 972 2617 nartheois
995 2577 1050 2617 seu
1069 2558 1184 2615 ferulae
1202 2558 1311 2635 figura,
1332 2568 1371 2616 ut

262 2646 344 2706 infra
371 2643 567 2704 ostendimus.
611 2640 743 2723 deniqne
769 2636 917 2723 δρομικόν
940 2641 1055 2701 dietum
1080 2640 1200 2701 videtur
1222 2660 1239 2699 a
1263 2640 1370 2703 stadiis

267 2734 425 2807 oursoriis,
451 2750 527 2811 qnae
539 2733 571 2787 in
583 2730 729 2787 maiorem
743 2726 963 2805 longitudinem
979 2746 1071 2807 quam
1085 2725 1276 2785 latitudinem
1295 2748 1371 2807 por-

268 2820 416 2895 riguntur.
458 2835 585 2894 magnae
601 2816 693 2892 igitur
705 2815 848 2873 ecclesiae
862 2814 1123 2872 Constantinianus
1133 2813 1262 2871 formam
1275 2812 1370 2873 fnisse

269 2900 434 2964 dromioum
449 2912 575 2960 testatur
590 2899 722 2959 Codinus
738 2901 770 2957 in
784 2901 886 2959 Desor.
906 2899 938 2958 S.
955 2896 1096 2977 Sophiae.
1141 2896 1225 2957 addit
1241 2902 1372 2977 Anony-

268 3007 338 3047 mus
365 2998 469 3047 auctor
497 2985 703 3064 descriptionis
727 2982 863 3043 eiusdem
887 2982 1033 3059 aedis,-e
1057 2982 1235 3043 combefisio
1260 2982 1371 3059 editus,

269 3071 377 3153 ίμοίον
396 3075 489 3132 fuisse
508 3075 564 3133 τοῦ
584 3068 672 3154 ἁγίου
684 3065 881 3151 Ἀνδρονίκου
896 3068 947 3131 καί
962 3072 1018 3131 τοῦ
1031 3064 1119 3150 οἵγίον
1130 3060 1285 3143 Ἆκοκίον,
1308 3088 1371 3149 qno

268 3160 337 3218 loco
355 3161 489 3239 apposite
502 3150 706 3239 ’Λγοθονίκου
722 3174 776 3234 pro
790 3149 1001 3239 Ἀνδρονίκου,
1023 3155 1140 3233 reponit
1155 3152 1371 3213 combefisius:

270 3244 355 3303 nulla
375 3246 456 3302 enim
474 3244 506 3301 S.
519 3241 683 3301 Andronici
699 3240 788 3299 aedes
804 3244 929 3299 ooourrit
942 3250 1093 3299 exstructa
1108 3238 1210 3317 Cpoli,
1230 3236 1373 3317 Agatho·

268 3331 414 3387 nisime
427 3349 446 3387 a
461 3330 656 3386 Constantino
667 3325 786 3385 eondita
798 3326 908 3405 legitur
921 3322 1005 3404 apud
1015 3323 1194 3397 cedrenum,
1216 3322 1372 3403 Nioepho-

269 3420 369 3478 rum?
392 3417 449 3489 49,
472 3411 598 3471 Suidam
618 3412 700 3470 verb.
721 3412 854 3491 Βηρίνη,
876 3420 906 3469 et
925 3409 1073 3469 codinum
1092 3412 1125 3467 in
1143 3412 1224 3489 Orig.
1236 3410 1372 3469 Lsmbe-
1431 3450 1439 3463 .

269 3500 363 3558 oianis
384 3520 416 3579 p.
430 3501 478 3562 ¹37
501 3510 530 3557 et
549 3496 600 3563 38.
644 3498 697 3576 qui
721 3493 844 3576 periude
870 3490 1017 3576 dpopmq'v
1041 3496 1134 3555 fuisse
1158 3496 1306 3570 scribunt,
1340 3504 1373 3555 et

268 3604 361 3665 qnam
376 3580 514 3663 'denique
539 3586 571 3642 in
596 3583 799 3661 angustiorem
819 3578 947 3641 formem
969 3582 1133 3653 excitatam
1153 3578 1242 3651 refert
1257 3584 1373 3639 Proco-

267 3674 337 3749 pius
355 3669 393 3728 ds
411 3669 511 3729 Aedil.
529 3671 547 3731 1
573 3667 603 3731 5.
644 3671 788 3727 Aoaoiani
803 3679 905 3725 autem
917 3669 1024 3747 templi
1037 3669 1151 3725 mentio
1163 3676 1211 3725 est
1224 3669 1256 3723 in
1268 3666 1373 3725 Veteri

268 3757 357 3814 Urbis
374 3755 590 3835 descriptione,
613 3754 665 3811 ubi
683 3756 716 3811 in
737 3756 777 3816 10
794 3754 916 3833 regione
931 3756 1085 3825 statuitur,
1108 3752 1174 3811 loeo
1191 3749 1373 3830 Heptasoalo

267 3854 459 3922 nuncupato,
486 3852 521 3899 ut
542 3850 587 3898 est
609 3838 689 3919 apud
710 3838 864 3897 Socratem
884 3842 905 3900 2
927 3840 967 3902 38
990 3847 1020 3895 et
1041 3840 1060 3900 6
1082 3840 1149 3913 28,ν
1168 3835 1374 3917 Nicephorum

269 3930 289 3989 3
311 3928 352 3990 38
377 3939 407 3985 et
427 3931 447 3990 9
469 3925 527 4000 42,
552 3924 737 4008 cedrenum,
761 3924 909 4003 Synoxar.
931 3932 988 3979 etc.
1133 3988 1136 3995 .

160 4019 252 4077 esto
354 4017 385 4075 2.
428 4014 541 4071 Verum
561 4031 631 4069 oum
650 4012 779 4069 nimium
801 4018 927 4087 angusta
947 4010 1013 4065 visa
1033 4017 1111 4066 esset
1126 4008 1374 4066 constantiniana

270 4093 361 4155 aedes
380 4118 437 4154 neo
457 4100 529 4154 satis
549 4114 662 4173 capax,
693 4096 743 4152 vel
765 4092 861 4173 quod,
891 4103 924 4150 ut
952 4094 1004 4149 alii
1031 4092 1151 4166 volunt,
1183 4092 1373 4166 oonoidisset,

271 4181 350 4239 forte
373 4202 414 4245 ex
432 4192 528 4245 terrae
546 4182 693 4252 motibus,
722 4179 913 4236 Constantius
935 4178 1122 4236 Constantini
1142 4178 1222 4236 filius
1244 4175 1283 4236 ad
1305 4194 1374 4235 eam

273 4266 522 4346 amplitudinem,
551 4284 611 4345 qua
635 4262 828 4343 postmodum
852 4274 1010 4345 conspecta
1034 4274 1095 4343 est,
1117 4262 1270 4344 perduxit.
1313 4262 1374 4323 Βο-
