3017 4817
264 310 344 359 xsrr
725 288 902 375 Qossactt

267 460 301 519 in
316 477 377 541 quo
391 454 511 519 Pisidae
527 458 565 517 de
576 458 670 539 gestis
684 459 898 539 impensorum
914 456 1140 537 spolitanum
1151 454 1279 519 historia
1293 476 1371 518 coa-

269 562 391 621 tinetur.
433 559 583 621 lohannes
603 570 705 621 autem
718 564 872 643 ¹Georgius
893 564 1065 621 llerwartus
1086 559 1128 619 ad
1150 561 1371 640 llobmbergia
1415 582 1418 585 ⁴

270 667 332 725 suis
352 664 389 725 de
409 684 442 723 re
463 662 674 745 chronologica
695 666 859 744 capitibus,
880 663 1018 724 Usserins
1038 664 1153 744 aliique
1168 682 1231 723 non
1246 662 1371 723 dubita-

270 776 340 827 runt
365 768 495 845 Georgio
523 774 626 826 nostro
653 768 813 826 attribuere
837 766 1066 825 celeberrimum
1093 763 1172 824 illud
1196 762 1371 841 chronicon,

271 866 355 951 quod
372 871 505 949 primum
529 868 687 926 Fastorum
705 866 876 929 Siculorum
895 888 931 927 ac
949 864 1061 965 deindq
1078 864 1220 927 Chronici
1230 867 1372 927 Alexan-

274 970 352 1030 drini
374 980 405 1029 et
424 968 578 1030 Paschalis
598 971 741 1029 lemmate
760 972 917 1050 vulgatum
936 979 993 1030 est.
1034 968 1091 1029 sed
1109 968 1193 1051 qnod
1205 967 1246 1027 ad
1256 970 1373 1028 biblio-

273 1070 392 1132 thecam
403 1073 632 1133 vallicellanum
646 1082 777 1152 spectat,
800 1092 893 1155 qnam
903 1082 1026 1153 patrum
1040 1072 1168 1131 oratorii
1181 1069 1372 1131 humanitate

272 1194 362 1255 saepe
377 1172 459 1235 adire
474 1186 504 1235 et
515 1186 610 1235 totam
623 1176 803 1255 perlustrare
813 1172 892 1235 mibi
902 1176 997 1249 liant,
1016 1174 1107 1253 plane
1118 1176 1265 1235 assentior
1274 1174 1371 1233 Leoni

273 1278 401 1354 Allatio,
423 1280 476 1359 qui
488 1278 644 1337 Posserini
659 1280 865 1338 auctoritatem
877 1279 919 1336 ita
933 1276 1084 1336 convellit.
1122 1269 1214 1337 “licet
1225 1279 1317 1335 anxie
1328 1277 1372 1334 li-

273 1380 361 1441 brum
385 1380 604 1463 quaesiverim,
635 1397 786 1461 saepeque
807 1375 940 1437 indicem
960 1388 993 1437 et
1012 1380 1202 1459 potissimam
1224 1378 1372 1436 librormn

273 1492 389 1563 partem
401 1484 616 1562 perrolrerim,
638 1481 677 1541 ad
689 1480 771 1541 huno
783 1490 886 1540 tamen
899 1478 981 1541 hem
988 1499 1143 1563 nusquam
1152 1482 1215 1539 tale
1227 1500 1304 1560 opus
1317 1498 1371 1539 oc-

274 1586 375 1644 currit.
419 1606 438 1645 o
453 1586 583 1661 utinam,
607 1581 688 1666 quod
701 1602 763 1643 non
778 1582 883 1659 credo,
905 1594 994 1643 esset.
1037 1603 1169 1643 errorem
1181 1581 1255 1643 inde
1264 1592 1372 1643 natum

275 1688 433 1745 existimo:
454 1706 526 1745 nam
546 1688 598 1768 qni
615 1688 761 1745 librorum
783 1686 965 1745 Graecorum
984 1683 1117 1745 indicem
1135 1688 1280 1763 confecit,
1302 1706 1372 1747 cnm

274 1789 306 1847 in
320 1786 385 1848 cod.
398 1790 433 1850 B.
450 1792 528 1864 112,
550 1788 672 1868 antiquo
686 1788 759 1846 satis
773 1798 803 1846 et
817 1790 949 1867 optimae
961 1800 1051 1848 notae
1060 1809 1082 1865 ,·¹
1093 1788 1147 1850 sed
1159 1808 1268 1869 parrae
1279 1790 1372 1847 molis

275 1890 368 1965 libro,
388 1887 546 1948 historiam
567 1886 606 1949 de
626 1888 857 1969 imperatoribus
879 1890 1045 1971 cpolitanis
1064 1893 1097 1950 in
1115 1894 1263 1971 principio
1279 1912 1371 1972 repe·

274 1993 379 2068 risset,
401 2010 469 2051 eam
484 2000 586 2051 tamen
606 1986 761 2073 deicolas·
779 1992 978 2071 plurimarum
997 1997 1176 2073 paginarum
1198 1997 1371 2069 amissione,

276 2112 369 2175 quam
388 2104 492 2175 postea
510 2112 585 2173 opus
609 2094 642 2151 in
671 2096 882 2153 Hexaimeron
906 2097 1028 2175 Georgii
1046 2095 1167 2157 Pisidae
1191 2098 1371 2177 excipiebat,

274 2216 347 2272 nec,
369 2207 404 2257 ut
421 2216 478 2277 par
497 2206 577 2273 erat,
599 2192 858 2256 animadvertisset
871 2194 1028 2258 historim
1040 2200 1171 2278 primam
1186 2198 1226 2258 de
1238 2201 1373 2280 impera-

274 2300 388 2359 toribus
408 2300 595 2359 Constantini
614 2300 771 2359 Manassae
787 2300 950 2381 Synopsim
961 2322 1043 2378 esse,
1064 2322 1132 2361 eam
1145 2305 1275 2383 Georgia
1291 2305 1372 2362 Pisi-

276 2398 350 2478 dae,
372 2402 524 2483 seqnentis
546 2401 644 2479 operis
666 2403 797 2476 auctori,
819 2400 875 2461 sed
893 2406 1053 2464 oscitanter
1069 2406 1177 2481 niuis,
1198 2405 1323 2466 donarit
1342 2415 1372 2464 et

276 2500 385 2563 harum
407 2522 508 2561 rerum
529 2504 629 2561 anxiis
649 2502 755 2560 fucum
779 2497 885 2561 iecit.”
926 2506 1009 2587 qnod
1024 2520 1126 2567 antem
1141 2512 1314 2568 flemma
1332 2526 1371 2567 ex

273 2601 370 2661 fluida
391 2604 518 2683 probare
541 2600 711 2678 contendit,
747 2600 880 2662 ohmnici
902 2608 1057 2669 Paschalis
1081 2613 1252 2691 scriptorem
1274 2612 1372 2672 fuisse

275 2700 425 2780 Pisidam,
447 2706 517 2784 qui,
538 2715 573 2763 nt
584 2707 650 2785 ipse
663 2708 722 2780 ait,
744 2724 820 2765 aevo
831 2710 962 2769 Heraclii
977 2710 1101 2771 florebat
1113 2715 1235 2795 eiusque
1252 2735 1302 2775 res
1316 2736 1372 2796 ge-

274 2814 352 2881 stas,
374 2815 405 2863 et
423 2807 543 2867 Persica
564 2808 644 2868 bella
663 2809 797 2867 oratione
812 2809 908 2869 libera
926 2817 1108 2893 composuit,
1133 2835 1225 2896 quam
1240 2820 1281 2877 ait
1296 2818 1372 2877 ridi-

123 2918 152 2973 p.
168 2898 260 2961 xxm
276 2908 394 2985 omum,
415 2920 540 2989 apparet
560 2930 601 2971 ex
623 2911 661 2971 iis
680 2931 757 2993 quae
773 2911 812 2973 de
824 2916 995 2975 testimonio
1011 2915 1123 2975 Snidae
1140 2922 1277 2998 superius
1291 2920 1373 2980 diota

274 3018 354 3072 sunt.
381 3028 454 3069 nam
470 3014 642 3073 lies-wasme
657 3034 693 3073 ea
709 3016 775 3095 ipsa
789 3015 902 3077 Suidae
915 3018 1022 3094 rerba,
1039 3014 1226 3104 Ἑξαήμερον
1240 3016 1285 3087 ds'
1295 3021 1374 3105 icip-

275 3112 340 3193 βων
364 3112 408 3185 εἰς
429 3111 487 3194 ἔπη
507 3116 666 3195 τρισχίλια·
696 3117 739 3191 εἰς
755 3114 931 3202 Ἡράκλειον
949 3115 1005 3184 siv
1024 3120 1160 3203 βασιλέα,
1182 3123 1236 3187 sal
1257 3126 1302 3199 sle
1317 3124 1373 3190 πᾶν

274 3208 351 3275 susci
368 3216 497 3296 Περσῶν
509 3212 657 3297 πόλεμον,
679 3217 718 3277 ad
731 3218 791 3280 hoc
805 3220 968 3283 chronicon
980 3222 1211 3303 significandum
1221 3227 1306 3287 inam
1317 3248 1372 3289 co-
1500 3253 1501 3266 ¹

275 3325 348 3373 netu
366 3314 541 3399 detorquet,
565 3322 651 3400 quasi
671 3320 774 3381 Pisida
794 3344 856 3383 uno
876 3335 995 3385 tantum
1011 3347 1101 3407 opere
1116 3338 1238 3409 coeptos
1247 3332 1285 3388 ab
1298 3333 1372 3391 orba

276 3415 397 3477 condito
410 3439 506 3500 nsque
519 3418 558 3479 ad
569 3422 742 3483 Heraclium
755 3436 786 3485 et
796 3428 952 3487 Persicum
968 3428 1083 3489 bellum
1095 3432 1227 3491 Heraclii
1237 3434 1372 3495 Annales

273 3530 448 3603 prosecutus¹
469 3524 520 3583 sit.
562 3525 603 3583 ite
624 3526 706 3583 enim
722 3523 758 3591 sd
776 3528 820 3603 εἰς
836 3532 1062 3611 interpretetur,
1082 3544 1117 3591 ut
1136 3535 1237 3592 valeat
1254 3554 1317 3594 non
1335 3536 1373 3595 dc
1498 3515 1499 3558 ³

273 3624 419 3683 Herebo
429 3623 484 3685 sed
495 3646 590 3707 usqae
602 3626 647 3687 ad
655 3630 850 3706 Heraclium,
861 3635 1098 3714 interpunctione
1111 3646 1181 3694 ante
1192 3636 1238 3710 sle
1248 3640 1371 3697 omnino

274 3727 402 3787 sublata.
443 3726 502 3789 hoo
525 3740 626 3789 autem
646 3751 760 3791 vanum
778 3754 845 3794 esse
865 3738 1015 3796 llerwarti
1028 3749 1232 3798 commentum
1243 3738 1372 3799 demon·
1496 3743 1497 3754 ¹

272 3832 379 3889 stravit
399 3830 567 3892 Matthaeus
587 3830 721 3893 liederus
746 3836 780 3893 in
805 3838 912 3918 Prces.
940 3837 1057 3900 adhoc
1076 3842 1177 3920 ipsum
1197 3838 1371 3919 chronicon,
1495 3873 1496 3884 κ

273 3930 357 4012 quod
375 3932 616 3993 Alexandrinum
635 3937 787 4016 inscripsit
808 3950 900 4021 atque
914 3940 1029 4018 edidit,
1051 3964 1092 4002 ex
1105 3946 1172 4023 ipso
1187 3942 1284 4005 Suida
1299 3948 1371 4004 satis
1494 4013 1495 4016 Ἴ

274 4042 375 4109 aperte
395 4038 534 4096 evincens
555 4038 766 4097 Hexaiimeron
785 4039 906 4101 Pisidae
927 4063 993 4103 esse
1013 4064 1088 4124 opus
1105 4064 1123 4104 a
1139 4048 1245 4105 ceteris
1261 4044 1372 4105 distin-

272 4142 365 4193 otum.
408 4136 463 4197 sed
479 4148 509 4196 et
525 4136 659 4198 liederus
672 4142 737 4219 ipse
753 4140 791 4201 de
803 4142 923 4204 Pisidae
934 4148 1053 4226 scriptis
1063 4148 1192 4229 loquens
1202 4148 1373 4207 alucinatos

271 4242 333 4292 est:
353 4252 425 4295 nam
438 4240 571 4317 primum
583 4260 624 4301 ex
636 4260 682 4303 ms
695 4241 762 4303 cod.
775 4249 813 4305 A.
825 4246 1024 4309 bibliothecae
1036 4251 1240 4331 Augustanee,
1261 4252 1295 4309 in
1309 4269 1373 4331 quo
