3017 4817
253 274 327 349 136
687 274 749 345 DU
775 272 917 344 claun

376 440 491 517 κίονες,
510 436 660 523 δμικμῆγι
673 435 857 521 resumatis
870 434 978 521 ἄντυγι
991 432 1107 500 κτίκλοα

379 524 479 605 ὄχθος
495 520 860 607 διρτοίζουτιςῦπίρβιου,
883 519 940 597 οὕς
954 544 1028 585 ποτε
1042 518 1148 603 Θήβης

380 612 527 691 Νειλαίης
540 607 701 692 ίλδγευσαυ
714 605 897 692 ίῦκκήμιδες
909 609 1031 691 ίρίπυαι
1044 619 1101 669 ete.

252 728 292 789 ad
309 726 367 789 hoc
385 730 478 809 igitur
490 740 630 810 quattuor
642 730 718 789 istae
732 725 865 787 conchae
881 728 1033 787 conlectae
1048 734 1133 801 sunt,
1162 734 1197 783 ut
1209 722 1358 804 populum

252 826 419 890 canentem,
441 812 516 877 λαδυ
530 815 723 897 πολύυμνον,
745 816 936 892 exciperent,
962 810 1019 870 hoe
1033 823 1097 886 est,
1119 820 1152 868 nt
1167 812 1357 887 interpretor,

252 903 375 960 elericos
388 910 418 959 et
433 910 577 975 cantores,
601 897 739 981 quidum
754 899 917 957 missarum
929 898 1128 978 peragebatur
1143 896 1283 973 liturgia,
1306 912 1357 951 sa-

252 986 366 1045 cerdoti
383 988 415 1044 in
436 986 523 1043 altari
540 1004 623 1044 saera
642 985 767 1043 facienti
780 984 831 1041 rel
845 983 1041 1042 concinebant
1055 984 1105 1040 vel
1123 977 1356 1059 respondebant.

252 1074 285 1130 in
300 1069 389 1131 choro
406 1072 488 1128 enim
500 1090 535 1128 ao
550 1074 615 1131 suoi
630 1080 746 1129 ceterae
761 1089 865 1148 preces
882 1088 934 1143 ac,
956 1077 1127 1140 atrocem,
1149 1063 1242 1123 borae
1257 1063 1357 1122 eccle-

202 1210 208 1215 .
253 1132 642 1217 siasticaedecantabantbr.
664 1174 739 1213 mox
748 1152 832 1212 addit
843 1165 877 1212 nt
886 1154 966 1212 binis
980 1151 1199 1232 porphyreticis
1209 1149 1356 1208 columnis

252 1261 309 1301 sex
324 1242 399 1299 alias
410 1237 604 1300 Thessalicae
619 1249 867 1319 superponantur,
883 1257 942 1318 qua
956 1240 1100 1317 gynaecei
1118 1257 1171 1295 seu
1184 1238 1357 1315 porticuum

251 1330 439 1407 superiorum
450 1345 520 1406 pars
533 1327 641 1383 ultima
655 1327 801 1403 assurgit,
831 1343 909 1403 quae
929 1326 971 1380 ita
990 1321 1151 1403 dispositae
1172 1329 1242 1379 sunt
1261 1330 1296 1377 nt
1311 1330 1358 1376 ter

249 1412 340 1470 binae
356 1414 393 1471 iis
406 1410 590 1485 incumbant,
612 1408 801 1491 proindeque
818 1405 905 1482 duae,
929 1426 1007 1489 quae
1020 1410 1052 1465 iu
1066 1406 1167 1465 medio
1181 1408 1357 1478 consistunt,

250 1515 346 1556 vacuo
360 1499 392 1554 iu
409 1502 477 1555 aire
493 1505 570 1555 stare
586 1514 620 1554 aa
638 1496 722 1554 nullo
742 1493 941 1553 fundamento
959 1494 1061 1551 fulciri
1077 1490 1246 1550 rideantur.
1289 1508 1358 1547 αιτ-

250 1584 340 1640 minit
355 1600 473 1639 rursum
490 1582 680 1641 Silentiarius
692 1590 771 1660 part.
787 1583 809 1643 2
823 1598 853 1637 r.
867 1579 908 1645 84
923 1580 1132 1637 columnarum
1144 1578 1272 1635 istarum
1286 1594 1358 1655 por-

250 1664 475 1747 phyreticamm
493 1668 757 1747 Aegyptiacorum.

335 1804 387 1865 70.
430 1802 543 1873 Rama,
565 1818 619 1859 sen
633 1816 749 1857 sacram
760 1794 840 1855 hane
853 1807 883 1855 et
897 1796 970 1856 solis
984 1792 1189 1855 sacerdotibus
1205 1791 1360 1853 addictam

250 1880 335 1943 aedis
347 1894 479 1963 partem,
502 1902 589 1942 anso
606 1884 657 1942 rel
672 1882 763 1942 choro
777 1892 897 1961 separat
911 1881 1096 1955 tabulatum,
1119 1882 1269 1939 columnis
1285 1898 1361 1937 can-

251 1970 336 2028 cellis
355 1965 548 2048 hypertbyris
569 1979 599 2027 et
621 1969 804 2046 imaginibus
826 1965 1022 2041 adornatam,
1053 1986 1093 2024 ne
1116 1966 1301 2047 quibuslibet
1320 1960 1360 2021 ad

250 2073 319 2112 eam
332 2051 433 2112 aditus
448 2064 565 2132 pateat,
595 2050 646 2115 διαί
662 2052 696 2115 κδ
715 2050 832 2134 μηδένα
845 2050 969 2114 εἰσιέναι
983 2051 1017 2113 lv
1033 2045 1118 2135 edroi
1134 2048 1239 2126 οίπλδς
1251 2048 1304 2111 καλ
1318 2046 1362 2123 cic

251 2138 367 2219 ἔτυχεν,
404 2140 505 2219 iuquit
530 2140 697 2198 Germanus
727 2134 897 2216 patriarcha
923 2137 981 2195 GP.
1007 2133 1212 2213 Theophanes
1241 2136 1360 2193 Caram.

251 2222 358 2283 homil·
373 2223 414 2287 65
430 2222 468 2281 de
483 2221 557 2282 aede
571 2222 603 2283 S.
618 2224 699 2283 Petri
714 2224 747 2280 in
765 2222 896 2302 palatio:
922 2216 956 2284 sd
974 2217 1008 2281 dl
1021 2224 1078 2300 τῆς
1091 2214 1227 2300 α’ρρήτοα
1242 2223 1361 2296 τελετῆς

251 2312 389 2456 ουκ
402 2304 770 2455 2³
783 2298 1360 2469 ‘titulatustutet

252 2482 292 2563 τῇ
306 2478 367 2561 θέᾳ
377 2473 435 2557 τήν
449 2474 542 2555 ὄψιν·
563 2472 687 2557 κοίλυμα
699 2474 733 2538 δὲ
745 2416 835 2538 colito
851 2460 921 2545 soie,
943 2476 975 2539 el
985 2498 1031 2549 τις
1042 2471 1195 2555 προπετὴς
1208 2475 1261 2537 καλ
1272 2412 1360 2538 (lisle-

252 2564 391 2644 poeeloo
405 2565 467 2623 τοῖν
481 2554 603 2624 dialem
617 2559 792 2641 ιίπερβῆναι
806 2566 982 2637 φιλονεικεῖ.
999 2560 1169 2618 tabulatum
1179 2558 1261 2619 istud
1276 2554 1360 2639 ίιρδς

252 2646 405 2727 κιγκλίδας
418 2665 472 2704 seu
485 2664 585 2705 saeros
599 2646 748 2709 mucellos
762 2656 870 2705 vocant
882 2641 1070 2724 Nicephorus
1085 2646 1244 2719 Callistus,
1268 2648 1360 2703 loan-

252 2750 307 2791 nes
332 2732 557 2789 Cantacuzenus
584 2732 686 2793 etalii
707 2732 831 2811 passim.
871 2728 1160 2811 Porphyrogennets
1185 2733 1218 2789 in
1243 2730 1359 2789 Basilio

253 2836 280 2875 o.
298 2816 357 2881 55:
390 2815 443 2877 καλ
457 2818 491 2879 αί
500 2819 562 2878 τῶν
576 2812 658 2890 ίκτδς
672 2817 858 2898 διιίργοασαι
871 2811 909 2879 τοί
923 2809 1129 2894 θυσιαστήρια
1141 2815 1291 2896 κιγκλίδες
1305 2814 1358 2878 καλ

252 2898 289 2965 ια’
310 2901 344 2965 ἒν
365 2894 469 2976 αιίταῖς
482 2901 643 2983 περίστυλα
659 2900 710 2965 καλ
727 2898 765 2963 τοί
780 2898 902 2963 ducebas
917 2895 985 2967 οίαυ
999 2898 1173 2982 τίπέρθυρα.
1214 2896 1359 2983 κοίγκιλος

251 2991 308 3051 τοῦ
323 2988 469 3067 ίερατείου
485 2986 594 3045 dieitm
606 2988 718 3067 cyrillo
734 2984 983 3067 scythopolitam
1003 2986 1036 3045 in
1054 2988 1116 3047 rita
1136 2986 1170 3043 S.
1182 2984 1357 3065 Euthymii3

251 3070 397 3154 κοίγιιιλος
415 3076 471 3134 τοῦ
489 3073 710 3152 θυσιαστηρίου
730 3072 764 3132 in
778 3069 902 3151 Synodo
918 3068 1103 3133 Chalcedon.
1123 3082 1181 3129 aet.
1200 3075 1214 3133 1
1234 3082 1264 3129 et
1277 3067 1358 3149 apud

252 3169 404 3217 auctorem
420 3160 499 3217 ritae
513 3158 546 3215 S.
560 3158 676 3232 Subest
700 3156 788 3239 ἕρκος
802 3156 886 3237 apud
895 3158 1112 3231 silentiarium,
1129 3149 1290 3235 δρύφακτα
1303 3175 1359 3216 sen

252 3240 421 3323 desipuerat
436 3241 517 3322 apud
529 3242 731 3303 Sosornenum
749 3247 771 3306 7
792 3246 845 3306 27.
889 3244 993 3328 Gloss3
1007 3242 1060 3299 Gr.
1080 3260 1128 3299 ms
1140 3244 1270 3321 Regium
1289 3238 1358 3300 cod.

254 3332 356 3392 1673:
395 3324 565 3408 desipuerat
586 3324 625 3390 ιδ
652 3322 867 3409 διαφράγματι
887 3322 911 3407 ἢ
929 3323 967 3390 κδ
990 3329 1245 3408 περιτειχίσματα,
1275 3317 1359 3389 τοῦτ’

253 3412 333 3475 λ’στιυ
346 3408 462 3487 ξύλινοι
479 3410 646 3493 κάγκελλοι.
689 3415 748 3473 alio
770 3414 837 3473 loeo
858 3410 1052 3495 δρυφάκτους
1071 3411 1288 3494 αιοκαγκίλους
1304 3430 1359 3470 sen

252 3496 336 3557 aedis
348 3516 449 3557 sacrae
464 3498 613 3557 cancellos
626 3510 724 3562 vocat.
750 3497 881 3581 deniqne
897 3498 1024 3558 cancelli
1036 3500 1088 3557 isti
1103 3497 1244 3557 dieantur
1256 3493 1360 3560 κιόνια

252 3580 322 3663 ἤτοι
338 3580 452 3662 στήθεα
466 3581 502 3645 ιδ
516 3584 685 3664 διορίζοντα
699 3578 732 3648 sd
746 3587 832 3666 βῆμα
847 3578 909 3647 α’πδ
920 3590 977 3649 τοῦ
989 3588 1103 3647 λοιποῦ
1116 3589 1195 3647 eaesi
1206 3585 1358 3642 Geraneae

251 3667 438 3748 patriarchae
453 3670 516 3743 ΟΡ,
549 3672 603 3751 qui
622 3680 777 3749 praeterea
793 3673 931 3730 obaerrat
954 3688 1007 3729 eos
1028 3680 1062 3727 ut
1083 3670 1248 3748 plurimum
1264 3670 1359 3727 fuisse

251 3774 320 3813 aere
339 3756 460 3829 fusiles3
495 3754 663 3814 cuiusmodi
685 3757 772 3815 fuere
796 3757 923 3815 cancelli
945 3754 1028 3835 apud
1044 3757 1178 3813 Leonem
1201 3757 1264 3814 0st.
1286 3752 1359 3811 chr.

251 3840 350 3899 (lasin.
367 3846 386 3906 3
409 3845 467 3905 33:
491 3841 573 3920 feeit
587 3843 689 3921 itaque
704 3852 733 3899 et
744 3842 894 3901 cancellos
907 3841 1023 3920 suades
1033 3860 1069 3897 es
1083 3860 1152 3898 aere
1165 3851 1236 3898 ante
1248 3839 1360 3911 altare,

234 3922 362 3982 'scilibet
384 3929 461 3983 inter
481 3926 605 3985 chomm
627 3937 656 3983 et
675 3926 804 4005 adytum
821 3927 1005 3986 esaasendo's.
1050 3927 1201 3985 cancellos
1222 3923 1359 4006 lapideos

250 4005 342 4067 habet
358 4030 383 4067 c.
402 4030 486 4091 seq.‚
519 4020 676 4089 argenteos
696 4030 770 4070 vero
784 4015 962 4073 Anastasius
976 4014 1008 4069 in
1025 4012 1058 4071 S.
1076 4012 1221 4071 Silvestre
1240 4023 1271 4068 et
1288 4010 1358 4068 aliis

250 4092 342 4167 locis,
364 4104 399 4152 ut
414 4105 444 4153 et
456 4096 624 4175 cyprinum
636 4098 669 4154 ln
686 4098 748 4155 rita
764 4098 805 4157 Sc
815 4100 948 4158 caesarii
964 4098 1077 4155 Arelat.
1095 4097 1201 4176 quales
1215 4098 1358 4155 exstitere

251 4179 378 4236 cancelli
393 4180 521 4240 bematis
532 4183 565 4239 in
584 4179 659 4239 aede
674 4180 844 4263 SophIana,
876 4200 1005 4265 qnorum
1023 4200 1059 4241 ea
1076 4182 1137 4241 suit
1157 4184 1308 4261 elegantia
1323 4189 1359 4237 ut

142 4272 162 4323 Ρ
181 4269 234 4328 583
250 4282 312 4323 non
334 4264 432 4323 eboris
458 4275 510 4325 ant
530 4268 690 4329 munionis
711 4270 761 4331 vel
786 4272 864 4330 ees-is
886 4270 1051 4351 quicquam
1071 4270 1105 4327 in
1124 4269 1163 4330 iis
1177 4277 1273 4344 esset,
1302 4262 1357 4327 sed
