3017 4817
584 268 794 337 scttoasnt
817 268 844 335 l.
1191 262 1264 337 147

162 444 336 519 spuroara'nt
355 438 466 517 spatia3
495 403 673 497 'Maurum
693 436 758 495 eius
783 436 895 510 lilium,
926 454 1019 515 quam
1041 432 1190 495 chosroes
1209 452 1265 513 pro

162 526 279 584 Siron
270 544 303 581 ιιι
322 542 426 626 regem
445 529 580 583 coronari
599 524 754 597 voluerat,
784 524 940 581 interfici
931 525 1071 595 amissa,
1100 539 1265 600 omnesque

163 610 336 689 reliquos
309 630 374 669 erus
388 611 500 669 liberos
515 632 532 669 a
547 610 650 669 medio
666 610 734 667 tolli
750 607 922 667 mandasse.
965 606 1001 670 iv
1024 606 1114 669 uim
1136 605 1171 669 di
1189 604 1266 687 alpi·

162 698 332 799 pascuasius
345 714 544 773 notaacnota,
566 696 719 759 Minoae
739 693 758 759 d
773 688 886 774 Σιρὸης
898 697 1008 758 τοῦτον
1021 688 1121 768 odiose
1136 687 1264 769 αἐελεῖν,

161 775 275 843 262⁸
236 802 334 855 ουτως
351 776 428 843 ausu
450 777 560 863 μικρὸν
581 782 614 846 tv
631 782 744 855 dsiuotc
764 780 921 863 παρέδωκε
940 776 998 861 ιην
1014 771 1210 861 uomodv'
1170 776 1265 839 mci

162 861 303 1013 ψυχή66.
346 952 512 1009 Homerum
528 962 632 1011 monet
645 970 684 1009 ue
698 950 860 1009 Herculem
875 952 914 1009 ob
925 951 1078 1029 praeclara
1093 958 1177 1027 gesta
1189 949 1267 1005 inter

161 1035 236 1095 deos
257 1046 429 1110 recenseat,
451 1056 489 1093 ne
515 1036 659 1096 ridiculus
681 1036 801 1111 audiat,
823 1048 854 1094 et
870 1030 1062 1108 ὀποθεόσεις
1076 1053 1152 1116 quas
1166 1044 1267 1091 narrat

160 1123 318 1179 vilescant.
361 1139 397 1178 ao
407 1122 440 1179 ni
453 1122 542 1180 fallor
557 1125 678 1201 respicit
693 1120 732 1181 ad
748 1123 850 1181 locum
863 1121 1026 1200 Odysseae,
1047 1123 1081 1178 in
1097 1139 1157 1200 quo
1172 1120 1265 1197 Ulys-

161 1226 228 1265 sem
243 1208 286 1262 ait
298 1208 450 1264 invenisse
468 1205 550 1285 apud
565 1209 679 1265 inferos
694 1208 832 1267 Herculis
845 1206 981 1281 idolum,
1006 1211 1043 1269 11
1067 1208 1140 1269 600.
1185 1214 1266 1263 cete-

161 1310 230 1349 rum
249 1287 288 1347 de
307 1307 392 1349 more
404 1288 513 1351 ludens
525 1298 615 1369 poeta
630 1295 663 1349 in
677 1292 817 1366 vocibus,
839 1292 878 1351 ob
893 1290 1122 1350 similitudinem
1133 1291 1265 1349 nominis

161 1376 293 1434 Heraclii
316 1395 385 1433 oum
406 1378 551 1449 Hercule,
586 1380 775 1455 imperatoris
802 1387 887 1455 gesta
907 1378 998 1453 longe
1018 1374 1214 1453 praeferenda
1234 1384 1265 1433 ct

160 1460 387 1519 immortalitate
407 1460 498 1519 valde
517 1459 655 1540 digniora
673 1482 738 1521 ease
756 1480 849 1542 quam
863 1463 1001 1521 Herculis
1016 1462 1179 1519 certamina
1191 1480 1264 1520 con-

160 1544 267 1605 andiu

247 1633 300 1694 67.
343 1648 416 1709 praa
438 1632 544 1690 ceteris
563 1633 676 1710 poetis,
708 1632 763 1712 qui
780 1631 919 1691 Herculis
940 1630 1059 1690 labores
1084 1628 1265 1707 describunt,

164 1711 366 1777 consulendus
378 1718 535 1775 Lucretius
550 1715 604 1773 lib.
619 1718 639 1779 5
653 1719 794 1794 inpune.
813 1720 863 1775 cui
876 1716 951 1775 deus
964 1717 1019 1774 ille
1032 1727 1093 1791 est,
1115 1718 1184 1797 qui,
1206 1735 1266 1796 qua

164 1804 280 1860 ratione
294 1802 414 1859 animus
424 1803 548 1880 pnrgari
559 1803 654 1880 possit
669 1820 686 1860 a
701 1804 799 1877 vitiis,
819 1822 882 1862 uon
895 1800 1047 1883 quomodo
1057 1812 1136 1861 terra
1148 1820 1167 1860 a
1177 1820 1266 1861 mcu-

163 1889 231 1947 stris
248 1886 391 1960 liberari,
415 1884 560 1945 docuerit.

248 1974 301 2036 68.
344 1989 451 2050 aprum
462 1975 494 2031 in
508 1982 610 2030 monte
622 1969 810 2051 Erymantho
821 1969 970 2030 Arcadiae
982 1982 1099 2047 natum,
1116 1975 1171 2052 qui
1180 1971 1264 2033 Pho-

163 2055 239 2116 cidis
252 2073 358 2134 agrum
374 2058 526 2132 vastabat,
548 2059 682 2116 ainohun
697 2054 736 2115 ad
748 2054 953 2135 Eurystheum
969 2055 1097 2115 deduxit
1111 2060 1265 2133 Hercules,

162 2152 194 2201 et
211 2144 347 2200 Leonam
366 2144 533 2201 Nemasum
549 2144 686 2201 omnium
701 2151 836 2201 armenta
852 2145 931 2200 inter
944 2140 1120 2201 Phliuntem
1132 2155 1163 2201 at
1176 2145 1266 2204 clec-

162 2247 219 2287 nos
233 2226 431 2285 dilaniantem
442 2226 533 2287 nudis
544 2228 684 2286 manibus
700 2225 920 2306 apprehensum
934 2226 1102 2287 suffocavit.

247 2316 301 2377 70
345 2314 521 2371 Heraclium
538 2312 662 2371 Herculi
678 2314 882 2391 praelaturus,
906 2330 983 2393 quae
997 2309 1035 2370 de
1047 2314 1177 2371 llerculs
1193 2332 1265 2373 uar-

163 2408 281 2471 rantur‚
304 2399 429 2477 aiuaque
450 2392 660 2479 scopouv'oscu
680 2399 802 2457 titulum
811 2400 1016 2475 ,imperatori
1028 2399 1140 2456 melius
1155 2418 1266 2458 conre-
1376 2404 1385 2423 ‘

162 2488 228 2542 nire
245 2440 393 2557 ostendit,
416 2485 523 2543 Penas
546 2500 710 2563 eorumque
734 2502 838 2561 regem
859 2481 1026 2542 Ghosroam
1045 2488 1188 2544 monstris
1199 2494 1265 2544 toto

162 2570 228 2627 orhi
242 2580 390 2627 terrarum
404 2569 617 2628 infensissimis
630 2588 686 2648 per
701 2569 879 2648 allegoriam
893 2587 1079 2648 comparans.

247 2656 301 2719 71.
343 2652 499 2713 Persidem
519 2674 589 2713 cum
607 2656 712 2713 inferis
733 2655 864 2729 consen,
892 2652 931 2712 ad
952 2672 1029 2735 quos
1049 2655 1195 2715 Hercules
1210 2653 1266 2713 dc-

163 2738 314 2799 scsndissa
329 2738 434 2797 femur.

249 2828 301 2889 72.
342 2823 505 2882 Cerberion
528 2842 635 2881 canem
659 2825 698 2882 ah
720 2824 826 2883 inferis
847 2824 987 2883 abactam
1005 2845 1061 2904 pcr
1079 2818 1267 2883 Troezenam

165 2907 205 2968 ad
218 2906 422 2989 Eurystheum
434 2926 531 2987 usque
545 2908 688 2987 perduxit
702 2910 859 2967 Hercules.

248 2999 301 3060 73.
345 2993 383 3053 de
404 2992 566 3053 Alcestidis
588 2996 717 3072 pietate,
741 3012 819 3073 quaa
832 2995 899 3051 loco
915 2995 963 3051 sui
979 2994 1041 3051 viri
1052 2989 1175 3051 Admeti
1188 2994 1266 3051 mori

164 3081 258 3159 elegit
277 3090 308 3139 et
328 3080 366 3139 ab
389 3080 519 3137 Hercule
540 3080 573 3137 in
593 3081 688 3137 vitam
711 3090 756 3137 eat
775 3089 913 3137 revocata
928 3089 959 3136 ct
972 3076 1103 3137 Admeto
1118 3080 1265 3154 restituta,

165 3176 284 3244 practer
295 3163 472 3246 Euripidem
484 3161 688 3245 Palaephatus
703 3164 741 3223 ds
757 3165 870 3222 insted.
887 3163 957 3221 luat.
974 3184 1002 3222 c.
1016 3162 1069 3227 41.

249 3250 302 3315 74
344 3249 506 3311 draconem
533 3250 711 3330 pervigilem
734 3260 856 3308 centum
879 3249 1065 3307 attollentem
1086 3250 1200 3326 capita,
1232 3258 1268 3305 ut

165 3352 257 3392 aurea
284 3334 484 3416 Hesperidum
501 3334 711 3416 Nympharum
734 3352 826 3415 poma
849 3332 1025 3410 custodiret,
1054 3334 1198 3393 Hercules
1216 3335 1266 3392 iu-

165 3420 297 3477 lemnii.

251 3503 305 3569 76
346 3503 430 3565 idem
448 3509 578 3566 hemam
600 3503 668 3585 [7],
698 3517 866 3565 monstram
883 3502 1086 3578 horrendum,
1114 3523 1164 3562 cm
1152 3504 1266 3582 'plura

167 3596 253 3648 arant
273 3590 367 3667 cossa,
389 3608 467 3673 quas
487 3602 608 3651 enecta
623 3592 871 3667 mnascebantur,
899 3592 981 3651 ferro
1002 3600 1034 3649 at
1052 3592 1124 3669 iguo
1144 3590 1265 3667 penitus

105 3690 113 3705 ·
167 3674 308 3735 confecit.

250 3763 306 3825 76
348 3756 431 3819 idam
409 3762 566 3903 dlAugiao
585 3762 738 3821 stabulaum
752 3778 832 3841 pena
845 3762 1029 3821 immensum
1041 3757 1154 3817 ethmo
1170 3755 1265 3815 refer

169 3842 320 3903 huimum
334 3864 394 3905 uno
409 3843 622 3927 dispargarit.

252 3932 306 3994 77
347 3927 573 4009 videauprav.
585 3935 639 3997 68

254 4017 310 4080 78.
349 4012 441 4075 hosca
474 4014 550 4077 duos
585 4016 718 4079 senarios
747 4014 886 4096 paullum
914 4016 1089 4072 immutatos
1112 4007 1243 4069 habas
1232 4026 1266 4068 m

168 4094 274 4157 Podm.
291 4100 511 4159 deame.
529 4097 778 4165 v1060t107
818 4096 1019 4183 nactam
1039 4100 1097 4199 voi
1106 4090 1266 4178 sadracas,

168 4202 203 4241 ιιι
191 4182 321 4261 fallor,
343 4196 551 4247 catamitum
561 4206 639 4263 opm
650 4185 781 4268 eggardo·
791 4188 842 4247 vel
852 4202 1004 4246 summam
1015 4182 1115 4262 operis
1127 4181 1267 4260 implora.

166 4268 270 4351 itaque
283 4276 373 4352 putta
387 4270 461 4333 dicit
471 4272 633 4334 llaroolsm
644 4290 721 4355 opus
732 4288 974 4347 οοιιιιιιιιιιιειιι,
993 4286 1064 4330 cum
1073 4286 1164 4329 amsa
1175 4280 1266 4347 pom
