3017 4817
431 339 687 409 DESCRIPTIO
711 340 746 409 S.
770 340 960 411 somus.
1198 344 1270 415 133

121 492 125 499 ’
167 500 380 583 complendum
404 505 605 580 necessarias,
637 514 671 563 ut
684 522 796 583 panem
810 507 916 565 vinum
930 516 960 564 et
973 505 1048 583 alia,
1079 520 1270 587 praeparant,

166 590 275 669 quibus
288 588 380 649 finitis
395 588 539 648 secedunt
552 589 590 648 ad
606 608 721 647 sacram
734 610 889 667 mensam,
918 592 970 650 ubi
984 611 1067 652 sacra
1081 594 1203 672 liturgia
1218 598 1270 653 in-

166 670 301 733 choatur.
343 671 525 755 Pachymeri
543 680 559 739 1
583 674 623 738 19
645 670 737 756 κόγχη
750 681 806 759 τῆς
818 674 994 758 προθέσεως
1009 676 1127 737 dicitur.
1150 690 1268 739 utram-

165 779 225 839 que
248 768 352 818 autem
374 758 552 819 conchulam
573 764 766 819 secretarium
786 773 874 824 vocat
891 764 1053 840 Paulinus,
1090 766 1269 847 priorisque,

164 864 220 904 seu
230 841 396 925 prothesis,
418 864 507 904 usum
524 848 568 905 sic
582 844 740 904 describit:

292 928 344 987 hic
357 928 440 989 locus
451 941 495 988 eet
506 930 678 989 ueneranda
686 950 786 1009 penus
797 952 860 1011 quea
870 930 1023 1005 conditur,
1039 942 1068 989 et
1078 954 1142 1013 qua

326 1018 478 1093 premitur
491 1014 576 1073 alma
588 1018 670 1074 sacri
677 1034 795 1095 'pompa
807 1019 975 1075 ministerii.

165 1106 196 1157 et
208 1098 298 1177 epist.
317 1103 355 1163 12
371 1098 409 1158 ad
423 1100 584 1177 Severum,
606 1102 674 1161 loco
688 1121 779 1182 supra
794 1101 931 1177 laudato,
956 1100 995 1159 de
1011 1101 1091 1159 binis
1107 1104 1173 1161 istis
1191 1120 1264 1160 cou-
1281 1100 1304 1154 P
1321 1100 1373 1155 580

165 1180 265 1241 chulis
279 1184 371 1243 verba
384 1184 499 1245 faciens
512 1206 575 1243 una
591 1206 709 1257 earum,
729 1189 844 1267 inquit,
865 1186 1036 1244 immolanti
1053 1187 1167 1245 hostias
1185 1186 1268 1245 iuhi-

164 1266 289 1325 lationis
296 1279 395 1347 patet.
440 1271 493 1328 ubi
505 1290 560 1349 pro
568 1281 656 1348 patet
667 1270 832 1349 legendum
840 1282 937 1349 parat
949 1274 1130 1330 censuerim:
1154 1274 1266 1353 quippe

163 1354 197 1409 in
218 1350 277 1411 hac
298 1352 444 1414 conchula
463 1354 576 1413 hostiae
594 1334 655 1414 nori
678 1356 970 1427 immutantibus,
989 1355 1096 1414 sedin
1112 1355 1213 1415 medis
1236 1369 1266 1417 et

163 1440 273 1496 maiori
289 1436 418 1498 concha:
440 1438 588 1519 prothesis
608 1460 680 1500 vern
697 1442 814 1499 hostras
825 1440 1013 1499 iubilationis
1026 1442 1198 1499 imnwlanti
1211 1462 1267 1501 seu

163 1525 266 1603 potius
285 1526 478 1584 immolaturo
498 1527 627 1583 antistiti
643 1538 740 1604 purat
757 1526 807 1585 vel
829 1537 995 1606 praeparat.
1041 1546 1110 1584 cum
1134 1529 1267 1585 enimin

163 1618 292 1691 unaque
308 1608 469 1683 conchula,
500 1629 577 1690 quae
596 1609 635 1668 ad
647 1631 763 1671 sacram
774 1613 927 1690 liturgiam
942 1610 1144 1690 peragendam
1159 1631 1267 1670 neces-

162 1696 242 1751 saria
256 1704 343 1769 sunt,
375 1705 464 1776 atquc
479 1694 554 1753 adeo
567 1696 599 1753 in
611 1694 745 1775 prothesi
757 1694 855 1755 hostia
870 1709 901 1754 et
913 1700 1036 1770 vinum,
1064 1700 1097 1753 in
1111 1695 1266 1755 diaconico

160 1788 263 1837 vestes
284 1790 315 1837 et
334 1780 405 1838 libri
427 1790 457 1838 et
478 1798 549 1839 vasa
563 1800 598 1838 ac
610 1784 776 1840 ministeria
791 1782 991 1840 ecclesiastica
1006 1791 1164 1861 parentur,
1193 1780 1266 1839 inde

161 1862 257 1921 binae·
268 1866 345 1923 istae
360 1862 524 1923 conchulae
538 1868 698 1943 paratoria
718 1878 929 1946 nuncupantur
944 1868 976 1923 iu
992 1864 1096 1925 ordine
1111 1867 1264 1925 Romano:

162 1943 290 2006 calicem
302 1960 403 2007 autem
418 1948 619 2009 subdiaconus
635 1954 747 2029 accipit
761 1972 886 2030 sequens
896 1962 925 2008 et
939 1952 994 2008 dat
1004 1950 1156 2029 acohtlro,
1173 1962 1202 2008 et
1213 1950 1267 2008 ille

161 2046 282 2091 revocat
298 2036 332 2091 iu
341 2037 552 2111 paratorium,
574 2054 684 2114 nempe
697 2038 729 2094 in
739 2036 916 2113 prothecim,
936 2036 990 2093 ubi
1002 2037 1110 2094 calices
1126 2046 1157 2093 et
1170 2048 1267 2095 cetera

161 2136 236 2176 vasa
252 2116 290 2177 ad
307 2119 443 2179 sacrificii
458 2138 548 2179 usum
563 2121 794 2200 reponebantur,
816 2118 899 2201 quod
910 2140 951 2178 ex
962 2122 1054 2179 sacris
1068 2120 1198 2199 liturgiis
1210 2120 1266 2179 ab·

161 2200 246 2261 unde
260 2204 380 2283 probari
392 2214 501 2283 potest.

251 2290 303 2353 68.
344 2291 481 2348 Alteram
496 2284 690 2363 conchulam,
723 2304 802 2369 quae
821 2284 861 2345 ad
883 2288 1035 2346 sinistram
1050 2306 1103 2346 seu
1119 2284 1159 2345 ad
1173 2290 1267 2346 meri·

163 2368 249 2431 diem
260 2372 361 2432 altaris
376 2376 514 2433 statuitur
525 2391 544 2430 a
554 2369 828 2447 Thessalonicensi,
840 2374 1031 2451 paratorium
1042 2369 1168 2452 perinde
1180 2384 1268 2432 vocat

160 2454 247 2515 idem
259 2457 332 2517 ordo
347 2460 520 2519 Romanus:
539 2460 693 2536 reponitur
705 2456 782 2515 liber
795 2461 828 2515 irs
837 2460 995 2535 paratorio
1010 2458 1142 2537 quodam
1157 2460 1267 2516 sivein

161 2546 331 2601 secretario.
355 2542 516 2603 conchulas
533 2546 614 2601 enim
629 2545 738 2602 maiori
753 2541 909 2601 adiunctas
924 2546 1083 2601 secretaria
1098 2544 1267 2623 appellasse

161 2628 327 2686 Paulinum
350 2648 439 2708 supra
462 2630 651 2687 observatum
668 2638 724 2687 est.
768 2626 893 2708 proinde
913 2625 997 2686 idem
1017 2639 1063 2687 est
1075 2630 1268 2706 paratorium

163 2712 246 2793 quod
265 2716 468 2771 secretarium.
520 2716 666 2792 repositos
691 2724 795 2771 autem
817 2714 912 2772 fuisse
934 2714 1028 2772 libros
1051 2714 1267 2772 ecclesiasticos

163 2798 196 2857 in
221 2796 279 2856 hac
299 2796 445 2857 conchula
466 2796 553 2857 docet
564 2794 646 2857 idem
660 2798 822 2875 Paulinus,
853 2797 928 2856 dmn
947 2798 1031 2857 illius
1048 2815 1140 2857 usum
1152 2800 1196 2857 sic
1210 2796 1267 2856 de-

164 2883 283 2942 scribit:

291 2968 321 3027 si
334 2986 423 3047 quem
437 2978 543 3025 carecta
559 2977 637 3025 unet
653 2966 823 3025 meditandi
833 2969 867 3023 in
880 2965 945 3045 lege
957 2964 1113 3039 voluutas,

293 3052 344 3110 hic
351 3054 464 3131 poterit
478 3052 609 3111 residens
624 3056 719 3110 samis
733 3052 884 3110 intersdare
897 3050 992 3109 libris.

161 3140 195 3197 in
208 3157 245 3197 ea
258 3138 341 3197 enim
354 3136 501 3197 conchula
513 3156 614 3196 sacrae
627 3136 772 3196 lectiones
783 3138 912 3210 fiebant,
942 3137 1079 3215 sacrique
1099 3134 1171 3194 libri
1183 3134 1268 3195 finita

161 3225 286 3301 liturgia
300 3224 419 3303 publice
432 3222 691 3302 praelegebantur.
734 3220 785 3296 id,
812 3225 847 3282 ni
867 3222 973 3298 fallor,
1001 3223 1075 3280 satis
1089 3223 1188 3279 innuit
1202 3224 1267 3301 ipse

161 3310 328 3369 Paulinus:
350 3328 422 3367 nam
441 3328 511 3367 cum
529 3307 657 3367 dixisset
669 3326 764 3368 unam
779 3326 884 3367 earnm
898 3302 1081 3365 concharum
1098 3308 1269 3365 immolanti

163 3392 278 3453 hostias
290 3394 476 3453 iubilationis
490 3395 615 3452 antistiti
627 3382 750 3473 parare,
780 3388 857 3452 haec
872 3391 991 3451 subdit:
1021 3392 1119 3449 altera
1129 3403 1202 3469 post
1217 3413 1269 3450 sa-

162 3480 314 3554 crificitcm
328 3472 437 3558 capaci
452 3480 522 3537 sinu
535 3489 667 3555 receptat
677 3488 806 3537 orantes.
851 3478 895 3536 ita
911 3479 993 3536 enim
1010 3475 1175 3556 legendum
1194 3496 1269 3534 con-

162 3564 332 3640 tenderim,
361 3584 431 3623 cum
443 3561 524 3622 edita
535 3561 614 3623 nihil
627 3574 678 3624 aut
691 3584 784 3644 prave
797 3574 915 3639 sonent,
937 3562 1035 3621 altera
1042 3573 1114 3639 pont
1129 3561 1269 3619 sacerdo-

162 3660 222 3708 tem
236 3652 429 3729 ceparisina
440 3659 572 3727 receptat
585 3660 719 3708 ovanter:
742 3658 862 3729 peracto
881 3649 963 3706 enim
977 3646 1120 3707 sacrificio
1136 3666 1172 3704 eo
1185 3664 1271 3703 sece-

162 3734 278 3795 debant
295 3733 466 3795 sacerdotes
482 3744 514 3793 et
530 3730 663 3809 diaconi,
685 3744 715 3793 et
729 3752 883 3794 sacrorum
895 3733 1043 3791 librorum
1057 3732 1179 3789 lectioni
1195 3748 1269 3808 ope-

161 3840 230 3880 ram
246 3818 369 3880 dabant.
397 3830 477 3879 certe
492 3820 526 3878 in
541 3838 577 3878 ea
592 3816 737 3878 conchula
752 3818 848 3879 iactas
863 3816 1013 3877 eiusmodi
1025 3817 1171 3874 lectiones
1182 3812 1270 3873 docet

161 3908 238 3967 satis
251 3924 403 3986 superque
416 3902 549 3965 cedinus
562 3904 639 3963 libro
653 3902 690 3964 de
703 3904 789 3965 Offic.
806 3926 832 3964 c.
849 3904 889 3967 15
903 3924 936 3961 n.
951 3901 988 3977 4,
1021 3898 1095 3959 dum
1114 3902 1156 3957 ait
1168 3901 1269 3978 impe-

161 4002 297 4051 ratorem
310 3994 345 4051 in
359 3988 466 4051 aedem
481 3986 669 4071 Sophianam
684 3988 824 4051 secedere
841 3990 943 4071 ibique
959 3988 1064 4066 magni
1077 3985 1184 4044 Basilii
1197 4004 1270 4065 pre-

161 4080 298 4139 cationes
313 4096 332 4135 a
345 4072 515 4156 patriarcha
528 4074 695 4156 praelectas
709 4074 856 4137 exaudire
869 4073 998 4152 straten
1013 4073 1069 4134 sori
1082 4072 1268 4144 demoniaci,

160 4158 222 4222 hoc
237 4174 284 4223 est
298 4162 386 4221 iuxta
401 4158 591 4239 conchulam,
613 4180 690 4243 quae
705 4155 882 4225 dimovearis
895 4156 1069 4219 vocabatur.
1099 4176 1172 4215 nam
1186 4154 1270 4215 haud

160 4250 270 4329 procul
294 4248 447 4307 exstitisse
468 4246 573 4307 sedem
590 4247 790 4329 imperatoris,
812 4265 881 4304 cum
895 4260 1048 4305 sacrorum
1060 4240 1208 4301 librorum
1222 4241 1270 4298 le-

161 4336 298 4395 ctionem
309 4330 416 4393 euditu
429 4332 610 4413 excipiebat,
631 4350 723 4414 supra
737 4332 932 4413 probavimus
944 4349 986 4389 ex
998 4328 1182 4389 silentiario.
1204 4323 1271 4384 dia-
