<?xml version="1.0" encoding="UTF-8"?>
<!DOCTYPE html PUBLIC "-//W3C//DTD XHTML 1.0 Transitional//EN"
    "http://www.w3.org/TR/xhtml1/DTD/xhtml1-transitional.dtd">
<html xmlns="http://www.w3.org/1999/xhtml" xml:lang="en" lang="en">
 <head>
  <title>
</title>
<meta http-equiv="Content-Type" content="text/html;charset=utf-8" />
  <meta name='ocr-system' content='tesseract 3.04.00' />
  <meta name='ocr-capabilities' content='ocr_page ocr_carea ocr_par ocr_line ocrx_word'/>
</head>
<body>
  <div class='ocr_page' id='page_1' title='image "./corpusscriptoru19theogoog_0381.png"; bbox 0 0 3017 4817; ppageno 0'>
   <div class='ocr_carea' id='block_1_1' title="bbox 436 288 1226 367">
    <p class='ocr_par' dir='ltr' id='par_1_1' title="bbox 436 288 1226 367">
     <span class='ocr_line' id='line_1_1' title="bbox 436 288 1226 367; baseline 0.016 -13"><span class='ocrx_word' id='word_1_1' title='bbox 436 289 482 356; x_wconf 85' lang='lat' dir='ltr'><strong>IN</strong></span> <span class='ocrx_word' id='word_1_2' title='bbox 501 288 674 356; x_wconf 81' lang='lat' dir='ltr'><strong>BELLUM</strong></span> <span class='ocrx_word' id='word_1_3' title='bbox 691 290 918 359; x_wconf 75' lang='lat' dir='ltr'><strong>svsnlctnr.</strong></span> <span class='ocrx_word' id='word_1_4' title='bbox 1156 297 1226 367; x_wconf 81' lang='lat'><strong>135</strong></span> 
     </span>
    </p>
   </div>
   <div class='ocr_carea' id='block_1_2' title="bbox 120 451 1227 2152">
    <p class='ocr_par' dir='ltr' id='par_1_2' title="bbox 124 451 1227 879">
     <span class='ocr_line' id='line_1_2' title="bbox 211 451 1227 540; baseline 0.005 -20"><span class='ocrx_word' id='word_1_5' title='bbox 211 453 286 522; x_wconf 70' lang='lat'><strong>31⁴.</strong></span> <span class='ocrx_word' id='word_1_6' title='bbox 328 451 491 538; x_wconf 67' lang='grc' dir='ltr'>μέγισιρος</span> <span class='ocrx_word' id='word_1_7' title='bbox 502 454 586 516; x_wconf 80' lang='lat' dir='ltr'><strong>idem</strong></span> <span class='ocrx_word' id='word_1_8' title='bbox 600 476 636 516; x_wconf 89' lang='lat' dir='ltr'><strong>ec</strong></span> <span class='ocrx_word' id='word_1_9' title='bbox 649 452 774 540; x_wconf 74' lang='lat' dir='ltr'><strong>efyepolv</strong></span> <span class='ocrx_word' id='word_1_10' title='bbox 789 462 850 521; x_wconf 75' lang='lat' dir='ltr'><strong>cois</strong></span> <span class='ocrx_word' id='word_1_11' title='bbox 860 452 986 534; x_wconf 72' lang='grc' dir='ltr'><strong>τάξεων.</strong></span> <span class='ocrx_word' id='word_1_12' title='bbox 1029 457 1068 520; x_wconf 92' lang='lat' dir='ltr'><strong>de</strong></span> <span class='ocrx_word' id='word_1_13' title='bbox 1082 458 1139 522; x_wconf 88' lang='lat' dir='ltr'><strong>hec</strong></span> <span class='ocrx_word' id='word_1_14' title='bbox 1152 482 1227 524; x_wconf 81' lang='lat' dir='ltr'><strong>voce</strong></span> 
     </span>
     <span class='ocr_line' id='line_1_3' title="bbox 127 539 1227 623; baseline 0.008 -23"><span class='ocrx_word' id='word_1_15' title='bbox 127 553 157 600; x_wconf 87' lang='lat' dir='ltr'><strong>et</strong></span> <span class='ocrx_word' id='word_1_16' title='bbox 169 539 314 619; x_wconf 74' lang='lat' dir='ltr'><strong>dignitate</strong></span> <span class='ocrx_word' id='word_1_17' title='bbox 333 541 403 600; x_wconf 83' lang='lat' dir='ltr'><strong>vide</strong></span> <span class='ocrx_word' id='word_1_18' title='bbox 422 543 571 602; x_wconf 79' lang='lat' dir='ltr'><strong>llnfresne</strong></span> <span class='ocrx_word' id='word_1_19' title='bbox 590 544 691 602; x_wconf 83' lang='lat' dir='ltr'><strong>Gloee.</strong></span> <span class='ocrx_word' id='word_1_20' title='bbox 711 544 845 602; x_wconf 79' lang='lat' dir='ltr'><strong>Graecit.</strong></span> <span class='ocrx_word' id='word_1_21' title='bbox 889 547 1034 623; x_wconf 72' lang='lat' dir='ltr'><strong>magister</strong></span> <span class='ocrx_word' id='word_1_22' title='bbox 1046 549 1180 608; x_wconf 85' lang='lat' dir='ltr'><strong>militum</strong></span> <span class='ocrx_word' id='word_1_23' title='bbox 1193 552 1227 608; x_wconf 89' lang='lat' dir='ltr'><strong>in</strong></span> 
     </span>
     <span class='ocr_line' id='line_1_4' title="bbox 125 629 1226 709; baseline 0.008 -25"><span class='ocrx_word' id='word_1_24' title='bbox 125 629 200 684; x_wconf 83' lang='lat' dir='ltr'><strong>nrbe</strong></span> <span class='ocrx_word' id='word_1_25' title='bbox 214 637 286 686; x_wconf 80' lang='lat' dir='ltr'><strong>tunc</strong></span> <span class='ocrx_word' id='word_1_26' title='bbox 301 637 365 688; x_wconf 82' lang='lat' dir='ltr'><strong>eret</strong></span> <span class='ocrx_word' id='word_1_27' title='bbox 379 629 481 688; x_wconf 83' lang='lat' dir='ltr'><strong>Bonus</strong></span> <span class='ocrx_word' id='word_1_28' title='bbox 495 630 560 686; x_wconf 83' lang='lat' dir='ltr'><strong>sire</strong></span> <span class='ocrx_word' id='word_1_29' title='bbox 573 630 720 703; x_wconf 84' lang='lat' dir='ltr'><strong>Bonosus,</strong></span> <span class='ocrx_word' id='word_1_30' title='bbox 741 632 789 686; x_wconf 84' lang='lat' dir='ltr'><strong>vir</strong></span> <span class='ocrx_word' id='word_1_31' title='bbox 801 631 943 709; x_wconf 87' lang='lat' dir='ltr'><strong>petricius</strong></span> <span class='ocrx_word' id='word_1_32' title='bbox 961 641 991 688; x_wconf 87' lang='lat' dir='ltr'><strong>et</strong></span> <span class='ocrx_word' id='word_1_33' title='bbox 1008 631 1144 692; x_wconf 87' lang='lat' dir='ltr'><strong>illustris.</strong></span> <span class='ocrx_word' id='word_1_34' title='bbox 1175 636 1226 692; x_wconf 91' lang='lat' dir='ltr'><strong>ni-</strong></span> 
     </span>
     <span class='ocr_line' id='line_1_5' title="bbox 124 711 1227 794; baseline 0.008 -25"><span class='ocrx_word' id='word_1_35' title='bbox 124 715 237 770; x_wconf 86' lang='lat' dir='ltr'><strong>mirum</strong></span> <span class='ocrx_word' id='word_1_36' title='bbox 250 713 407 772; x_wconf 70' lang='lat' dir='ltr'>Heraclius</span> <span class='ocrx_word' id='word_1_37' title='bbox 418 715 451 773; x_wconf 86' lang='lat' dir='ltr'><strong>in</strong></span> <span class='ocrx_word' id='word_1_38' title='bbox 463 711 619 772; x_wconf 83' lang='lat' dir='ltr'><strong>Persidem</strong></span> <span class='ocrx_word' id='word_1_39' title='bbox 629 716 726 772; x_wconf 85' lang='lat' dir='ltr'><strong>itnrne</strong></span> <span class='ocrx_word' id='word_1_40' title='bbox 739 715 846 774; x_wconf 86' lang='lat' dir='ltr'><strong>urbem</strong></span> <span class='ocrx_word' id='word_1_41' title='bbox 860 718 975 794; x_wconf 74' lang='lat' dir='ltr'><strong>regiam</strong></span> <span class='ocrx_word' id='word_1_42' title='bbox 982 717 1090 794; x_wconf 75' lang='lat' dir='ltr'><strong>Sergio</strong></span> <span class='ocrx_word' id='word_1_43' title='bbox 1102 728 1133 777; x_wconf 90' lang='lat' dir='ltr'><strong>et</strong></span> <span class='ocrx_word' id='word_1_44' title='bbox 1141 719 1227 778; x_wconf 90' lang='lat' dir='ltr'><strong>Bono</strong></span> 
     </span>
     <span class='ocr_line' id='line_1_6' title="bbox 125 796 875 879; baseline 0.003 -23"><span class='ocrx_word' id='word_1_45' title='bbox 125 796 406 872; x_wconf 52' lang='lat' dir='ltr'><strong>commendaveram</strong></span> <span class='ocrx_word' id='word_1_46' title='bbox 426 801 513 858; x_wconf 88' lang='lat' dir='ltr'><strong>testis</strong></span> <span class='ocrx_word' id='word_1_47' title='bbox 527 797 731 879; x_wconf 78' lang='lat' dir='ltr'><strong>Theophanes</strong></span> <span class='ocrx_word' id='word_1_48' title='bbox 742 820 781 877; x_wconf 80' lang='lat' dir='ltr'><strong>p.</strong></span> <span class='ocrx_word' id='word_1_49' title='bbox 800 799 875 866; x_wconf 78' lang='lat'><strong>254.</strong></span> 
     </span>
    </p>

    <p class='ocr_par' dir='ltr' id='par_1_3' title="bbox 123 883 1225 1110">
     <span class='ocr_line' id='line_1_7' title="bbox 211 883 1225 964; baseline 0.005 -22"><span class='ocrx_word' id='word_1_50' title='bbox 211 883 284 948; x_wconf 83' lang='grc'><strong>815.</strong></span> <span class='ocrx_word' id='word_1_51' title='bbox 327 903 368 942; x_wconf 92' lang='lat' dir='ltr'><strong>en</strong></span> <span class='ocrx_word' id='word_1_52' title='bbox 385 892 420 942; x_wconf 86' lang='lat' dir='ltr'><strong>ut</strong></span> <span class='ocrx_word' id='word_1_53' title='bbox 439 884 548 944; x_wconf 87' lang='lat' dir='ltr'><strong>cierins</strong></span> <span class='ocrx_word' id='word_1_54' title='bbox 569 903 675 944; x_wconf 87' lang='lat' dir='ltr'><strong>omnes</strong></span> <span class='ocrx_word' id='word_1_55' title='bbox 692 904 712 942; x_wconf 85' lang='lat' dir='ltr'><strong>e</strong></span> <span class='ocrx_word' id='word_1_56' title='bbox 726 885 825 964; x_wconf 78' lang='lat' dir='ltr'><strong>Sergii</strong></span> <span class='ocrx_word' id='word_1_57' title='bbox 847 896 923 948; x_wconf 82' lang='lat' dir='ltr'><strong>nutu</strong></span> <span class='ocrx_word' id='word_1_58' title='bbox 940 884 1106 964; x_wconf 71' lang='lat' dir='ltr'><strong>pendentes</strong></span> <span class='ocrx_word' id='word_1_59' title='bbox 1120 887 1225 948; x_wconf 82' lang='lat' dir='ltr'><strong>ieciet.</strong></span> 
     </span>
     <span class='ocr_line' id='line_1_8' title="bbox 123 965 1224 1110; baseline 0.006 -86"><span class='ocrx_word' id='word_1_60' title='bbox 123 985 223 1110; x_wconf 60' lang='lat' dir='ltr'><strong>neqnie</strong></span> <span class='ocrx_word' id='word_1_61' title='bbox 237 970 319 1026; x_wconf 86' lang='lat' dir='ltr'><strong>enim</strong></span> <span class='ocrx_word' id='word_1_62' title='bbox 331 965 436 1027; x_wconf 83' lang='lat' dir='ltr'><strong>dubito</strong></span> <span class='ocrx_word' id='word_1_63' title='bbox 448 967 599 1046; x_wconf 74' lang='lat' dir='ltr'><strong>Pisidarn,</strong></span> <span class='ocrx_word' id='word_1_64' title='bbox 621 989 690 1028; x_wconf 89' lang='lat' dir='ltr'><strong>oum</strong></span> <span class='ocrx_word' id='word_1_65' title='bbox 703 969 786 1030; x_wconf 83' lang='lat' dir='ltr'><strong>dicet</strong></span> <span class='ocrx_word' id='word_1_66' title='bbox 798 969 875 1051; x_wconf 69' lang='lat' dir='ltr'><strong>epto</strong></span> <span class='ocrx_word' id='word_1_67' title='bbox 887 983 918 1033; x_wconf 91' lang='lat' dir='ltr'><strong>et</strong></span> <span class='ocrx_word' id='word_1_68' title='bbox 932 970 1073 1052; x_wconf 74' lang='lat' dir='ltr'><strong>deinceps</strong></span> <span class='ocrx_word' id='word_1_69' title='bbox 1089 973 1154 1049; x_wconf 80' lang='lat' dir='ltr'><strong>col,</strong></span> <span class='ocrx_word' id='word_1_70' title='bbox 1175 973 1224 1032; x_wconf 92' lang='lat' dir='ltr'><strong>lo-</strong></span> 
     </span>
    </p>

    <p class='ocr_par' dir='ltr' id='par_1_4' title="bbox 120 1053 1221 1304">
     <span class='ocr_line' id='line_1_9' title="bbox 144 1053 362 1112; baseline -0.005 0"><span class='ocrx_word' id='word_1_71' title='bbox 144 1055 179 1112; x_wconf 81' lang='lat' dir='ltr'><strong>ni</strong></span> <span class='ocrx_word' id='word_1_72' title='bbox 215 1053 302 1112; x_wconf 83' lang='lat' dir='ltr'><strong>eSer</strong></span> <span class='ocrx_word' id='word_1_73' title='bbox 322 1055 330 1070; x_wconf 85' lang='lat'><strong><em>&#39;</em></strong></span> <span class='ocrx_word' id='word_1_74' title='bbox 352 1092 362 1111; x_wconf 86' lang='lat'><strong>.</strong></span> 
     </span>
     <span class='ocr_line' id='line_1_10' title="bbox 122 1072 1221 1222; baseline 0 -21"><span class='ocrx_word' id='word_1_75' title='bbox 122 1072 143 1133; x_wconf 70' lang='lat' dir='ltr'>q</span> <span class='ocrx_word' id='word_1_76' title='bbox 211 1141 285 1202; x_wconf 87' lang='grc'><strong>821.</strong></span> <span class='ocrx_word' id='word_1_77' title='bbox 300 1072 445 1198; x_wconf 68' lang='lat' dir='ltr'><strong>gldldetur</strong></span> <span class='ocrx_word' id='word_1_78' title='bbox 468 1140 604 1198; x_wconf 75' lang='lat' dir='ltr'><strong>imitetur</strong></span> <span class='ocrx_word' id='word_1_79' title='bbox 628 1137 706 1198; x_wconf 87' lang='lat' dir='ltr'><strong>illud</strong></span> <span class='ocrx_word' id='word_1_80' title='bbox 727 1137 886 1220; x_wconf 70' lang='lat' dir='ltr'><strong>Sophoclis</strong></span> <span class='ocrx_word' id='word_1_81' title='bbox 911 1143 945 1200; x_wconf 83' lang='lat' dir='ltr'><strong>irs</strong></span> <span class='ocrx_word' id='word_1_82' title='bbox 968 1140 1068 1202; x_wconf 83' lang='lat' dir='ltr'><strong>Aiace</strong></span> <span class='ocrx_word' id='word_1_83' title='bbox 1090 1141 1221 1222; x_wconf 67' lang='lat' dir='ltr'><strong>Flagell.</strong></span> 
     </span>
     <span class='ocr_line' id='line_1_11' title="bbox 120 1215 785 1304; baseline 0 -18"><span class='ocrx_word' id='word_1_84' title='bbox 120 1241 153 1279; x_wconf 79' lang='lat' dir='ltr'><strong>v·</strong></span> <span class='ocrx_word' id='word_1_85' title='bbox 171 1224 254 1286; x_wconf 81' lang='lat'><strong>878:</strong></span> <span class='ocrx_word' id='word_1_86' title='bbox 275 1215 372 1296; x_wconf 78' lang='grc' dir='ltr'><strong><em>πόνος</em></strong></span> <span class='ocrx_word' id='word_1_87' title='bbox 385 1219 472 1304; x_wconf 77' lang='grc' dir='ltr'><strong>πόνῳ</strong></span> <span class='ocrx_word' id='word_1_88' title='bbox 483 1217 579 1288; x_wconf 64' lang='grc' dir='ltr'>εὖνιν</span> <span class='ocrx_word' id='word_1_89' title='bbox 595 1223 689 1303; x_wconf 65' lang='grc' dir='ltr'><strong>φέρει.</strong></span> <span class='ocrx_word' id='word_1_90' title='bbox 781 1221 785 1230; x_wconf 79' lang='grc'><em>“</em></span> 
     </span>
    </p>

    <p class='ocr_par' dir='ltr' id='par_1_5' title="bbox 122 1307 1226 1555">
     <span class='ocr_line' id='line_1_12' title="bbox 209 1307 1226 1386; baseline 0.005 -21"><span class='ocrx_word' id='word_1_91' title='bbox 209 1310 284 1372; x_wconf 78' lang='grc'><strong>828.</strong></span> <span class='ocrx_word' id='word_1_92' title='bbox 325 1311 429 1367; x_wconf 83' lang='lat' dir='ltr'><strong>Bonus</strong></span> <span class='ocrx_word' id='word_1_93' title='bbox 439 1311 584 1386; x_wconf 72' lang='lat' dir='ltr'><strong>Megisten</strong></span> <span class='ocrx_word' id='word_1_94' title='bbox 599 1311 733 1367; x_wconf 87' lang='lat' dir='ltr'><strong>militnm</strong></span> <span class='ocrx_word' id='word_1_95' title='bbox 750 1328 813 1367; x_wconf 92' lang='lat' dir='ltr'><strong>non</strong></span> <span class='ocrx_word' id='word_1_96' title='bbox 827 1311 923 1368; x_wconf 86' lang='lat' dir='ltr'><strong>semel</strong></span> <span class='ocrx_word' id='word_1_97' title='bbox 935 1307 1071 1372; x_wconf 76' lang='lat' dir='ltr'><strong>hortatus</strong></span> <span class='ocrx_word' id='word_1_98' title='bbox 1087 1321 1132 1372; x_wconf 90' lang='lat' dir='ltr'><strong>est</strong></span> <span class='ocrx_word' id='word_1_99' title='bbox 1143 1309 1226 1371; x_wconf 75' lang='lat' dir='ltr'><strong>che-</strong></span> 
     </span>
     <span class='ocr_line' id='line_1_13' title="bbox 122 1391 1225 1474; baseline 0.009 -26"><span class='ocrx_word' id='word_1_100' title='bbox 122 1409 239 1469; x_wconf 83' lang='lat' dir='ltr'><strong>gennm</strong></span> <span class='ocrx_word' id='word_1_101' title='bbox 260 1403 295 1450; x_wconf 89' lang='lat' dir='ltr'><strong>nt</strong></span> <span class='ocrx_word' id='word_1_102' title='bbox 313 1391 402 1451; x_wconf 88' lang='lat' dir='ltr'><strong>donis</strong></span> <span class='ocrx_word' id='word_1_103' title='bbox 417 1404 447 1451; x_wconf 87' lang='lat' dir='ltr'><strong>et</strong></span> <span class='ocrx_word' id='word_1_104' title='bbox 460 1394 579 1452; x_wconf 82' lang='lat' dir='ltr'><strong>tributis</strong></span> <span class='ocrx_word' id='word_1_105' title='bbox 594 1396 725 1474; x_wconf 84' lang='lat' dir='ltr'><strong>ecceptis</strong></span> <span class='ocrx_word' id='word_1_106' title='bbox 738 1394 777 1450; x_wconf 85' lang='lat' dir='ltr'><strong>eb</strong></span> <span class='ocrx_word' id='word_1_107' title='bbox 792 1394 866 1452; x_wconf 86' lang='lat' dir='ltr'><strong>urbe</strong></span> <span class='ocrx_word' id='word_1_108' title='bbox 880 1392 1046 1454; x_wconf 79' lang='lat' dir='ltr'><strong>obsidenda</strong></span> <span class='ocrx_word' id='word_1_109' title='bbox 1058 1395 1225 1458; x_wconf 69' lang='lat' dir='ltr'><strong>&#39;desisteret</strong></span> 
     </span>
     <span class='ocr_line' id='line_1_14' title="bbox 123 1473 594 1555; baseline 0.004 -21"><span class='ocrx_word' id='word_1_110' title='bbox 123 1473 295 1536; x_wconf 81' lang='lat' dir='ltr'><strong>chronicon</strong></span> <span class='ocrx_word' id='word_1_111' title='bbox 311 1476 457 1538; x_wconf 69' lang='lat' dir='ltr'><strong>rochete</strong></span> <span class='ocrx_word' id='word_1_112' title='bbox 466 1499 503 1555; x_wconf 86' lang='lat' dir='ltr'><strong>p.</strong></span> <span class='ocrx_word' id='word_1_113' title='bbox 520 1481 594 1544; x_wconf 86' lang='grc'><strong>720.</strong></span> 
     </span>
    </p>

    <p class='ocr_par' dir='ltr' id='par_1_6' title="bbox 146 1560 1224 1706">
     <span class='ocr_line' id='line_1_15' title="bbox 146 1560 1224 1706; baseline 0 -80"><span class='ocrx_word' id='word_1_114' title='bbox 146 1560 282 1706; x_wconf 48' lang='lat' dir='ltr'><strong>lrodm·</strong></span> <span class='ocrx_word' id='word_1_115' title='bbox 325 1564 380 1644; x_wconf 87' lang='lat' dir='ltr'><strong>qni</strong></span> <span class='ocrx_word' id='word_1_116' title='bbox 399 1563 514 1624; x_wconf 77' lang='lat' dir='ltr'><strong>fuerint</strong></span> <span class='ocrx_word' id='word_1_117' title='bbox 536 1563 646 1642; x_wconf 83' lang='lat' dir='ltr'><strong>legeti,</strong></span> <span class='ocrx_word' id='word_1_118' title='bbox 681 1562 788 1643; x_wconf 77' lang='lat' dir='ltr'><strong>quiere</strong></span> <span class='ocrx_word' id='word_1_119' title='bbox 819 1561 978 1642; x_wconf 70' lang='lat' dir='ltr'><strong>legationis</strong></span> <span class='ocrx_word' id='word_1_120' title='bbox 1004 1565 1119 1642; x_wconf 82' lang='lat' dir='ltr'><strong>exitus,</strong></span> <span class='ocrx_word' id='word_1_121' title='bbox 1154 1564 1224 1626; x_wconf 84' lang='lat' dir='ltr'><strong>ride</strong></span> 
     </span>
    </p>

    <p class='ocr_par' dir='ltr' id='par_1_7' title="bbox 122 1669 1225 2152">
     <span class='ocr_line' id='line_1_16' title="bbox 210 1669 1224 1809; baseline 0.002 -17"><span class='ocrx_word' id='word_1_122' title='bbox 210 1669 282 1796; x_wconf 57' lang='grc'><strong>828.</strong></span> <span class='ocrx_word' id='word_1_123' title='bbox 325 1730 458 1800; x_wconf 77' lang='lat' dir='ltr'><strong>Chosroe</strong></span> <span class='ocrx_word' id='word_1_124' title='bbox 472 1741 507 1790; x_wconf 88' lang='lat' dir='ltr'><strong>nt</strong></span> <span class='ocrx_word' id='word_1_125' title='bbox 520 1731 693 1790; x_wconf 76' lang='lat' dir='ltr'><strong>Henetiam</strong></span> <span class='ocrx_word' id='word_1_126' title='bbox 710 1731 848 1809; x_wconf 82' lang='lat' dir='ltr'><strong>pluribus</strong></span> <span class='ocrx_word' id='word_1_127' title='bbox 865 1731 954 1790; x_wconf 88' lang='lat' dir='ltr'><strong>bellis</strong></span> <span class='ocrx_word' id='word_1_128' title='bbox 969 1729 1133 1794; x_wconf 84' lang='lat' dir='ltr'><strong>distentum</strong></span> <span class='ocrx_word' id='word_1_129' title='bbox 1147 1735 1224 1794; x_wconf 80' lang='lat' dir='ltr'><strong>feci-</strong></span> 
     </span>
     <span class='ocr_line' id='line_1_17' title="bbox 123 1815 1224 1900; baseline 0.007 -28"><span class='ocrx_word' id='word_1_130' title='bbox 123 1817 186 1873; x_wconf 89' lang='lat' dir='ltr'><strong>line</strong></span> <span class='ocrx_word' id='word_1_131' title='bbox 197 1815 366 1896; x_wconf 84' lang='lat' dir='ltr'><strong>frengeret,</strong></span> <span class='ocrx_word' id='word_1_132' title='bbox 388 1838 425 1876; x_wconf 89' lang='lat' dir='ltr'><strong>eo</strong></span> <span class='ocrx_word' id='word_1_133' title='bbox 443 1836 522 1875; x_wconf 86' lang='lat' dir='ltr'><strong>enno</strong></span> <span class='ocrx_word' id='word_1_134' title='bbox 535 1835 606 1876; x_wconf 84' lang='lat' dir='ltr'><strong>sues</strong></span> <span class='ocrx_word' id='word_1_135' title='bbox 622 1818 721 1895; x_wconf 84' lang='lat' dir='ltr'><strong>copies</strong></span> <span class='ocrx_word' id='word_1_136' title='bbox 736 1815 856 1891; x_wconf 74' lang='lat' dir='ltr'><strong>divicit,</strong></span> <span class='ocrx_word' id='word_1_137' title='bbox 866 1835 930 1900; x_wconf 75' lang='lat' dir='ltr'><strong>¹ec,</strong></span> <span class='ocrx_word' id='word_1_138' title='bbox 952 1827 986 1874; x_wconf 87' lang='lat' dir='ltr'><strong>ut</strong></span> <span class='ocrx_word' id='word_1_139' title='bbox 1000 1821 1043 1876; x_wconf 87' lang='lat' dir='ltr'><strong>eit</strong></span> <span class='ocrx_word' id='word_1_140' title='bbox 1057 1817 1224 1900; x_wconf 87' lang='lat' dir='ltr'><strong>Theophe-</strong></span> 
     </span>
     <span class='ocr_line' id='line_1_18' title="bbox 122 1893 1224 1984; baseline -0.001 -19"><span class='ocrx_word' id='word_1_141' title='bbox 122 1919 179 1960; x_wconf 76' lang='lat' dir='ltr'><strong>nes</strong></span> <span class='ocrx_word' id='word_1_142' title='bbox 187 1921 225 1978; x_wconf 85' lang='lat' dir='ltr'><strong>p·</strong></span> <span class='ocrx_word' id='word_1_143' title='bbox 240 1907 321 1977; x_wconf 82' lang='grc'><strong>268,</strong></span> <span class='ocrx_word' id='word_1_144' title='bbox 348 1897 402 1966; x_wconf 70' lang='lat' dir='ltr'><strong>cdv</strong></span> <span class='ocrx_word' id='word_1_145' title='bbox 413 1895 575 1982; x_wconf 68' lang='grc' dir='ltr'><strong>Σᾶρβαριν</strong></span> <span class='ocrx_word' id='word_1_146' title='bbox 592 1898 670 1966; x_wconf 67' lang='grc' dir='ltr'><strong>κατὰ</strong></span> <span class='ocrx_word' id='word_1_147' title='bbox 686 1896 842 1975; x_wconf 74' lang='grc' dir='ltr'>ΚΠόλιως</span> <span class='ocrx_word' id='word_1_148' title='bbox 863 1893 1050 1978; x_wconf 68' lang='grc' dir='ltr'><strong>ἀπέστειλεν,</strong></span> <span class='ocrx_word' id='word_1_149' title='bbox 1079 1905 1133 1984; x_wconf 86' lang='lat' dir='ltr'><strong>qui</strong></span> <span class='ocrx_word' id='word_1_150' title='bbox 1147 1908 1224 1964; x_wconf 88' lang='lat' dir='ltr'><strong>inite</strong></span> 
     </span>
     <span class='ocr_line' id='line_1_19' title="bbox 124 1983 1225 2065; baseline 0.006 -21"><span class='ocrx_word' id='word_1_151' title='bbox 124 2005 194 2044; x_wconf 82' lang='lat' dir='ltr'><strong>cnm</strong></span> <span class='ocrx_word' id='word_1_152' title='bbox 208 1988 329 2048; x_wconf 85' lang='lat' dir='ltr'><strong>Hrmnie</strong></span> <span class='ocrx_word' id='word_1_153' title='bbox 348 1989 490 2048; x_wconf 71' lang='lat' dir='ltr'><strong>societate</strong></span> <span class='ocrx_word' id='word_1_154' title='bbox 510 1986 619 2046; x_wconf 89' lang='lat' dir='ltr'><strong>urbem</strong></span> <span class='ocrx_word' id='word_1_155' title='bbox 639 1996 778 2046; x_wconf 79' lang='lat' dir='ltr'><strong>verteret.</strong></span> <span class='ocrx_word' id='word_1_156' title='bbox 822 1983 872 2045; x_wconf 87' lang='lat' dir='ltr'><strong>hic</strong></span> <span class='ocrx_word' id='word_1_157' title='bbox 884 1988 977 2065; x_wconf 82' lang='lat' dir='ltr'><strong>igitur</strong></span> <span class='ocrx_word' id='word_1_158' title='bbox 992 1987 1138 2048; x_wconf 83' lang='lat' dir='ltr'><strong>Serberns</strong></span> <span class='ocrx_word' id='word_1_159' title='bbox 1155 2009 1225 2050; x_wconf 84' lang='lat' dir='ltr'><strong>cnm</strong></span> 
     </span>
     <span class='ocr_line' id='line_1_20' title="bbox 124 2068 1225 2152; baseline 0.007 -24"><span class='ocrx_word' id='word_1_160' title='bbox 124 2068 350 2152; x_wconf 79' lang='lat' dir='ltr'><strong>Chrysopolim,</strong></span> <span class='ocrx_word' id='word_1_161' title='bbox 374 2070 467 2133; x_wconf 84' lang='lat' dir='ltr'><strong>hodie</strong></span> <span class='ocrx_word' id='word_1_162' title='bbox 481 2072 668 2143; x_wconf 61' lang='lat' dir='ltr'><strong>Soractem</strong></span> <span class='ocrx_word' id='word_1_163' title='bbox 689 2074 837 2145; x_wconf 82' lang='lat' dir='ltr'><strong>renieeet,</strong></span> <span class='ocrx_word' id='word_1_164' title='bbox 858 2075 979 2130; x_wconf 85' lang='lat' dir='ltr'><strong>nuntios</strong></span> <span class='ocrx_word' id='word_1_165' title='bbox 995 2070 1225 2151; x_wconf 69' lang='lat' dir='ltr'><strong>adelingensem</strong></span> 
     </span>
    </p>
   </div>
   <div class='ocr_carea' id='block_1_3' title="bbox 23 2155 1223 2240">
    <p class='ocr_par' dir='ltr' id='par_1_8' title="bbox 23 2155 1223 2240">
     <span class='ocr_line' id='line_1_21' title="bbox 23 2155 1223 2240; baseline 0.005 -26"><span class='ocrx_word' id='word_1_166' title='bbox 23 2170 30 2191; x_wconf 89' lang='grc'><em>·</em></span> <span class='ocrx_word' id='word_1_167' title='bbox 123 2158 223 2232; x_wconf 86' lang='lat' dir='ltr'><strong>misit,</strong></span> <span class='ocrx_word' id='word_1_168' title='bbox 251 2160 305 2240; x_wconf 85' lang='lat' dir='ltr'><strong>qni</strong></span> <span class='ocrx_word' id='word_1_169' title='bbox 324 2177 396 2218; x_wconf 89' lang='lat' dir='ltr'><strong>eum</strong></span> <span class='ocrx_word' id='word_1_170' title='bbox 415 2156 454 2216; x_wconf 87' lang='lat' dir='ltr'><strong>de</strong></span> <span class='ocrx_word' id='word_1_171' title='bbox 475 2177 530 2219; x_wconf 84' lang='lat' dir='ltr'><strong>eno</strong></span> <span class='ocrx_word' id='word_1_172' title='bbox 549 2155 683 2217; x_wconf 85' lang='lat' dir='ltr'><strong>edrentn</strong></span> <span class='ocrx_word' id='word_1_173' title='bbox 701 2159 860 2220; x_wconf 88' lang='lat' dir='ltr'><strong>certiorem</strong></span> <span class='ocrx_word' id='word_1_174' title='bbox 875 2157 1009 2216; x_wconf 82' lang='lat' dir='ltr'><strong>fecerent</strong></span> <span class='ocrx_word' id='word_1_175' title='bbox 1021 2165 1051 2215; x_wconf 89' lang='lat' dir='ltr'><strong>et</strong></span> <span class='ocrx_word' id='word_1_176' title='bbox 1061 2159 1223 2220; x_wconf 75' lang='lat' dir='ltr'><strong>auxiliares</strong></span> 
     </span>
    </p>
   </div>
   <div class='ocr_carea' id='block_1_4' title="bbox 123 2244 1228 4278">
    <p class='ocr_par' dir='ltr' id='par_1_9' title="bbox 124 2244 497 2322">
     <span class='ocr_line' id='line_1_22' title="bbox 124 2244 497 2322; baseline 0.005 -22"><span class='ocrx_word' id='word_1_177' title='bbox 124 2244 226 2321; x_wconf 80' lang='lat' dir='ltr'><strong>copies</strong></span> <span class='ocrx_word' id='word_1_178' title='bbox 240 2247 269 2302; x_wconf 91' lang='lat' dir='ltr'><strong>ei</strong></span> <span class='ocrx_word' id='word_1_179' title='bbox 280 2246 497 2322; x_wconf 84' lang='lat' dir='ltr'><strong>promitterent.</strong></span> 
     </span>
    </p>

    <p class='ocr_par' dir='ltr' id='par_1_10' title="bbox 123 2322 1223 2577">
     <span class='ocr_line' id='line_1_23' title="bbox 209 2322 1223 2408; baseline -0.003 -21"><span class='ocrx_word' id='word_1_180' title='bbox 209 2327 282 2394; x_wconf 77' lang='grc'><strong>846.</strong></span> <span class='ocrx_word' id='word_1_181' title='bbox 324 2327 444 2408; x_wconf 63' lang='grc' dir='ltr'><strong>οἰκέτην</strong></span> <span class='ocrx_word' id='word_1_182' title='bbox 463 2335 550 2387; x_wconf 83' lang='lat' dir='ltr'><strong>vocet</strong></span> <span class='ocrx_word' id='word_1_183' title='bbox 568 2329 728 2388; x_wconf 71' lang='lat' dir='ltr'><strong>Persarum</strong></span> <span class='ocrx_word' id='word_1_184' title='bbox 742 2325 893 2402; x_wconf 76' lang='lat' dir='ltr'><strong>legatum,</strong></span> <span class='ocrx_word' id='word_1_185' title='bbox 921 2322 961 2384; x_wconf 84' lang='lat' dir='ltr'><strong>ed</strong></span> <span class='ocrx_word' id='word_1_186' title='bbox 976 2327 1123 2403; x_wconf 80' lang='lat' dir='ltr'><strong>originem</strong></span> <span class='ocrx_word' id='word_1_187' title='bbox 1137 2329 1223 2405; x_wconf 83' lang='lat' dir='ltr'><strong>regni</strong></span> 
     </span>
     <span class='ocr_line' id='line_1_24' title="bbox 123 2408 1223 2490; baseline 0.002 -20"><span class='ocrx_word' id='word_1_188' title='bbox 123 2413 238 2472; x_wconf 78' lang='lat' dir='ltr'><strong>Persici</strong></span> <span class='ocrx_word' id='word_1_189' title='bbox 251 2415 387 2472; x_wconf 88' lang='lat' dir='ltr'><strong>enimum</strong></span> <span class='ocrx_word' id='word_1_190' title='bbox 396 2410 574 2486; x_wconf 85' lang='lat' dir='ltr'><strong>intendens,</strong></span> <span class='ocrx_word' id='word_1_191' title='bbox 604 2420 639 2470; x_wconf 87' lang='lat' dir='ltr'><strong>ut</strong></span> <span class='ocrx_word' id='word_1_192' title='bbox 656 2430 748 2490; x_wconf 86' lang='lat' dir='ltr'><strong>quern</strong></span> <span class='ocrx_word' id='word_1_193' title='bbox 764 2411 817 2470; x_wconf 85' lang='lat' dir='ltr'><strong>ille</strong></span> <span class='ocrx_word' id='word_1_194' title='bbox 832 2419 910 2472; x_wconf 82' lang='lat' dir='ltr'><strong>esset</strong></span> <span class='ocrx_word' id='word_1_195' title='bbox 928 2408 1138 2490; x_wconf 87' lang='lat' dir='ltr'><strong>despiciendus</strong></span> <span class='ocrx_word' id='word_1_196' title='bbox 1153 2430 1223 2472; x_wconf 81' lang='lat' dir='ltr'><strong>cuns</strong></span> 
     </span>
     <span class='ocr_line' id='line_1_25' title="bbox 123 2492 820 2577; baseline -0.004 -22"><span class='ocrx_word' id='word_1_197' title='bbox 123 2498 290 2576; x_wconf 84' lang='lat' dir='ltr'><strong>cpolitenis</strong></span> <span class='ocrx_word' id='word_1_198' title='bbox 302 2499 411 2577; x_wconf 80' lang='lat' dir='ltr'><strong>legetis</strong></span> <span class='ocrx_word' id='word_1_199' title='bbox 426 2507 612 2577; x_wconf 81' lang='lat' dir='ltr'><strong>comparetur</strong></span> <span class='ocrx_word' id='word_1_200' title='bbox 626 2492 820 2566; x_wconf 72' lang='lat' dir='ltr'><strong>demonstret.</strong></span> 
     </span>
    </p>

    <p class='ocr_par' dir='ltr' id='par_1_11' title="bbox 123 2577 1223 3346">
     <span class='ocr_line' id='line_1_26' title="bbox 210 2577 1222 2663; baseline -0.007 -16"><span class='ocrx_word' id='word_1_201' title='bbox 210 2583 284 2648; x_wconf 85' lang='grc'><strong>859.</strong></span> <span class='ocrx_word' id='word_1_202' title='bbox 323 2578 485 2662; x_wconf 66' lang='grc' dir='ltr'><strong>θαλάσσης</strong></span> <span class='ocrx_word' id='word_1_203' title='bbox 495 2579 519 2663; x_wconf 72' lang='grc' dir='ltr'><em>ἡ</em></span> <span class='ocrx_word' id='word_1_204' title='bbox 530 2577 616 2660; x_wconf 70' lang='grc' dir='ltr'><strong>θύρα</strong></span> <span class='ocrx_word' id='word_1_205' title='bbox 628 2582 760 2659; x_wconf 80' lang='lat' dir='ltr'><strong>Bospori</strong></span> <span class='ocrx_word' id='word_1_206' title='bbox 764 2581 889 2658; x_wconf 79' lang='lat' dir='ltr'><strong>fauces.</strong></span> <span class='ocrx_word' id='word_1_207' title='bbox 933 2580 1083 2659; x_wconf 75' lang='lat' dir='ltr'><strong>cpolitani</strong></span> <span class='ocrx_word' id='word_1_208' title='bbox 1099 2591 1165 2640; x_wconf 89' lang='lat' dir='ltr'><strong>tum</strong></span> <span class='ocrx_word' id='word_1_209' title='bbox 1179 2583 1222 2641; x_wconf 88' lang='lat' dir='ltr'><strong>si-</strong></span> 
     </span>
     <span class='ocr_line' id='line_1_27' title="bbox 123 2665 1223 2747; baseline -0.002 -21"><span class='ocrx_word' id='word_1_210' title='bbox 123 2688 200 2728; x_wconf 90' lang='lat' dir='ltr'><strong>nnm</strong></span> <span class='ocrx_word' id='word_1_211' title='bbox 217 2669 391 2730; x_wconf 85' lang='lat' dir='ltr'><strong>Ceretinnm</strong></span> <span class='ocrx_word' id='word_1_212' title='bbox 415 2679 482 2728; x_wconf 88' lang='lat' dir='ltr'><strong>tnrn</strong></span> <span class='ocrx_word' id='word_1_213' title='bbox 509 2677 630 2747; x_wconf 83' lang='lat' dir='ltr'><strong>portum</strong></span> <span class='ocrx_word' id='word_1_214' title='bbox 649 2669 790 2746; x_wconf 72' lang='lat' dir='ltr'><strong>Byzantii</strong></span> <span class='ocrx_word' id='word_1_215' title='bbox 812 2677 916 2732; x_wconf 73' lang='lat' dir='ltr'><strong>cetone</strong></span> <span class='ocrx_word' id='word_1_216' title='bbox 941 2665 1039 2726; x_wconf 84' lang='lat' dir='ltr'><strong>ferree</strong></span> <span class='ocrx_word' id='word_1_217' title='bbox 1066 2666 1223 2726; x_wconf 86' lang='lat' dir='ltr'><strong>occludere</strong></span> 
     </span>
     <span class='ocr_line' id='line_1_28' title="bbox 124 2748 1223 2831; baseline -0.005 -16"><span class='ocrx_word' id='word_1_218' title='bbox 124 2753 279 2828; x_wconf 79' lang='lat' dir='ltr'><strong>solebant,</strong></span> <span class='ocrx_word' id='word_1_219' title='bbox 309 2773 380 2814; x_wconf 84' lang='lat' dir='ltr'><strong>cnm</strong></span> <span class='ocrx_word' id='word_1_220' title='bbox 392 2754 554 2814; x_wconf 71' lang='lat' dir='ltr'><strong>necessitas</strong></span> <span class='ocrx_word' id='word_1_221' title='bbox 567 2752 732 2831; x_wconf 82' lang='lat' dir='ltr'><strong>posnderet</strong></span> <span class='ocrx_word' id='word_1_222' title='bbox 743 2761 778 2808; x_wconf 88' lang='lat' dir='ltr'><strong>ut</strong></span> <span class='ocrx_word' id='word_1_223' title='bbox 789 2748 892 2810; x_wconf 74' lang='lat' dir='ltr'><strong>hostes</strong></span> <span class='ocrx_word' id='word_1_224' title='bbox 902 2749 976 2809; x_wconf 89' lang='lat' dir='ltr'><strong>illuc</strong></span> <span class='ocrx_word' id='word_1_225' title='bbox 987 2751 1105 2829; x_wconf 82' lang='lat' dir='ltr'><strong>ingredi</strong></span> <span class='ocrx_word' id='word_1_226' title='bbox 1115 2749 1223 2830; x_wconf 86' lang='lat' dir='ltr'><strong>prohi-</strong></span> 
     </span>
     <span class='ocr_line' id='line_1_29' title="bbox 123 2833 1222 2913; baseline -0.002 -17"><span class='ocrx_word' id='word_1_227' title='bbox 123 2839 285 2912; x_wconf 88' lang='lat' dir='ltr'><strong>berentur,</strong></span> <span class='ocrx_word' id='word_1_228' title='bbox 313 2849 348 2898; x_wconf 86' lang='lat' dir='ltr'><strong>nt</strong></span> <span class='ocrx_word' id='word_1_229' title='bbox 365 2837 468 2898; x_wconf 84' lang='lat' dir='ltr'><strong>ridere</strong></span> <span class='ocrx_word' id='word_1_230' title='bbox 486 2849 531 2897; x_wconf 86' lang='lat' dir='ltr'><strong>est</strong></span> <span class='ocrx_word' id='word_1_231' title='bbox 551 2839 586 2894; x_wconf 82' lang='lat' dir='ltr'><strong>irc</strong></span> <span class='ocrx_word' id='word_1_232' title='bbox 606 2836 693 2913; x_wconf 81' lang='lat' dir='ltr'><strong>Cpols&#39;</strong></span> <span class='ocrx_word' id='word_1_233' title='bbox 712 2836 821 2894; x_wconf 65' lang='lat' dir='ltr'><strong>Christ.</strong></span> <span class='ocrx_word' id='word_1_234' title='bbox 846 2833 900 2892; x_wconf 82' lang='lat' dir='ltr'><strong>lib.</strong></span> <span class='ocrx_word' id='word_1_235' title='bbox 919 2839 934 2898; x_wconf 91' lang='grc'>1</span> <span class='ocrx_word' id='word_1_236' title='bbox 953 2857 979 2894; x_wconf 82' lang='lat' dir='ltr'><strong>r.</strong></span> <span class='ocrx_word' id='word_1_237' title='bbox 998 2840 1017 2900; x_wconf 87' lang='lat'><strong>6</strong></span> <span class='ocrx_word' id='word_1_238' title='bbox 1035 2847 1064 2894; x_wconf 83' lang='lat' dir='ltr'><strong>et</strong></span> <span class='ocrx_word' id='word_1_239' title='bbox 1076 2841 1107 2899; x_wconf 86' lang='lat'><strong>7.</strong></span> <span class='ocrx_word' id='word_1_240' title='bbox 1150 2833 1222 2894; x_wconf 90' lang='lat' dir='ltr'><strong>dili·</strong></span> 
     </span>
     <span class='ocr_line' id='line_1_30' title="bbox 126 2917 1222 3002; baseline -0.005 -20"><span class='ocrx_word' id='word_1_241' title='bbox 126 2933 233 3002; x_wconf 70' lang='lat' dir='ltr'><strong>genter</strong></span> <span class='ocrx_word' id='word_1_242' title='bbox 247 2921 281 2982; x_wconf 92' lang='lat' dir='ltr'><strong>id</strong></span> <span class='ocrx_word' id='word_1_243' title='bbox 300 2935 437 2985; x_wconf 77' lang='lat' dir='ltr'><strong>mestum</strong></span> <span class='ocrx_word' id='word_1_244' title='bbox 456 2924 550 2984; x_wconf 81' lang='lat' dir='ltr'><strong>fnisse</strong></span> <span class='ocrx_word' id='word_1_245' title='bbox 567 2921 686 2980; x_wconf 84' lang='lat' dir='ltr'><strong>ridetur</strong></span> <span class='ocrx_word' id='word_1_246' title='bbox 696 2923 850 2980; x_wconf 68' lang='lat' dir='ltr'><strong>insintm</strong></span> <span class='ocrx_word' id='word_1_247' title='bbox 866 2917 986 2994; x_wconf 77' lang='lat' dir='ltr'><strong>Pisida,</strong></span> <span class='ocrx_word' id='word_1_248' title='bbox 1015 2929 1049 2978; x_wconf 88' lang='lat' dir='ltr'><strong>nt</strong></span> <span class='ocrx_word' id='word_1_249' title='bbox 1061 2921 1222 2978; x_wconf 88' lang='lat' dir='ltr'><strong>Pereernm</strong></span> 
     </span>
     <span class='ocr_line' id='line_1_31' title="bbox 124 3001 1222 3088; baseline -0.005 -21"><span class='ocrx_word' id='word_1_250' title='bbox 124 3010 219 3088; x_wconf 83' lang='lat' dir='ltr'><strong>legeti</strong></span> <span class='ocrx_word' id='word_1_251' title='bbox 232 3006 271 3066; x_wconf 91' lang='lat' dir='ltr'><strong>ed</strong></span> <span class='ocrx_word' id='word_1_252' title='bbox 284 3007 461 3088; x_wconf 79' lang='lat' dir='ltr'><strong>Chogennm</strong></span> <span class='ocrx_word' id='word_1_253' title='bbox 472 3009 559 3066; x_wconf 83' lang='lat' dir='ltr'><strong>missi</strong></span> <span class='ocrx_word' id='word_1_254' title='bbox 570 3008 603 3064; x_wconf 88' lang='lat' dir='ltr'><strong>in</strong></span> <span class='ocrx_word' id='word_1_255' title='bbox 617 3005 717 3072; x_wconf 84' lang='lat' dir='ltr'><strong>reditu</strong></span> <span class='ocrx_word' id='word_1_256' title='bbox 728 3001 1039 3082; x_wconf 81' lang='lat' dir='ltr'><strong>deprehenderentur3</strong></span> <span class='ocrx_word' id='word_1_257' title='bbox 1069 3001 1151 3083; x_wconf 87' lang='lat' dir='ltr'><strong>qnod</strong></span> <span class='ocrx_word' id='word_1_258' title='bbox 1164 3003 1222 3062; x_wconf 88' lang='lat' dir='ltr'><strong>ob·</strong></span> 
     </span>
     <span class='ocr_line' id='line_1_32' title="bbox 126 3083 1220 3172; baseline -0.005 -20"><span class='ocrx_word' id='word_1_259' title='bbox 126 3097 195 3172; x_wconf 76' lang='lat' dir='ltr'><strong>tigit</strong></span> <span class='ocrx_word' id='word_1_260' title='bbox 205 3093 345 3154; x_wconf 80' lang='lat' dir='ltr'><strong>feliciter.</strong></span> <span class='ocrx_word' id='word_1_261' title='bbox 387 3090 513 3172; x_wconf 83' lang='lat' dir='ltr'><strong>proinde</strong></span> <span class='ocrx_word' id='word_1_262' title='bbox 527 3093 628 3171; x_wconf 87' lang='lat' dir='ltr'><strong>ipinor</strong></span> <span class='ocrx_word' id='word_1_263' title='bbox 638 3088 743 3150; x_wconf 83' lang='lat' dir='ltr'><strong>Pieids</strong></span> <span class='ocrx_word' id='word_1_264' title='bbox 760 3088 833 3148; x_wconf 88' lang='lat' dir='ltr'><strong>dicit</strong></span> <span class='ocrx_word' id='word_1_265' title='bbox 848 3085 903 3162; x_wconf 71' lang='lat' dir='ltr'><strong>sole</strong></span> <span class='ocrx_word' id='word_1_266' title='bbox 917 3083 1053 3160; x_wconf 69' lang='grc' dir='ltr'><strong>εἰσόδους</strong></span> <span class='ocrx_word' id='word_1_267' title='bbox 1069 3089 1220 3160; x_wconf 63' lang='grc' dir='ltr'><strong>κλάσασα.</strong></span> 
     </span>
     <span class='ocr_line' id='line_1_33' title="bbox 125 3171 1222 3259; baseline -0.005 -22"><span class='ocrx_word' id='word_1_268' title='bbox 125 3178 213 3238; x_wconf 88' lang='lat' dir='ltr'><strong>nobie</strong></span> <span class='ocrx_word' id='word_1_269' title='bbox 227 3180 553 3258; x_wconf 63' lang='lat' dir='ltr'><strong>corrumpebatur,</strong></span> <span class='ocrx_word' id='word_1_270' title='bbox 582 3175 665 3259; x_wconf 89' lang='lat' dir='ltr'><strong>qnod</strong></span> <span class='ocrx_word' id='word_1_271' title='bbox 684 3195 721 3236; x_wconf 82' lang='lat' dir='ltr'><strong>ee</strong></span> <span class='ocrx_word' id='word_1_272' title='bbox 741 3173 780 3236; x_wconf 90' lang='lat' dir='ltr'><strong>de</strong></span> <span class='ocrx_word' id='word_1_273' title='bbox 798 3195 830 3236; x_wconf 88' lang='lat' dir='ltr'><strong>re</strong></span> <span class='ocrx_word' id='word_1_274' title='bbox 852 3171 945 3234; x_wconf 81' lang='lat' dir='ltr'><strong>nedit</strong></span> <span class='ocrx_word' id='word_1_275' title='bbox 965 3184 1068 3234; x_wconf 82' lang='grc' dir='ltr'>ιιιιιιιοι·</span> <span class='ocrx_word' id='word_1_276' title='bbox 1081 3171 1222 3235; x_wconf 75' lang='lat' dir='ltr'><strong>Chrnnici</strong></span> 
     </span>
     <span class='ocr_line' id='line_1_34' title="bbox 125 3257 1221 3346; baseline -0.005 -22"><span class='ocrx_word' id='word_1_277' title='bbox 125 3261 290 3342; x_wconf 68' lang='lat' dir='ltr'><strong>rodon,</strong></span> <span class='ocrx_word' id='word_1_278' title='bbox 304 3266 359 3346; x_wconf 90' lang='lat' dir='ltr'><strong>qni</strong></span> <span class='ocrx_word' id='word_1_279' title='bbox 369 3282 440 3326; x_wconf 82' lang='lat' dir='ltr'><strong>ceso</strong></span> <span class='ocrx_word' id='word_1_280' title='bbox 453 3264 568 3325; x_wconf 83' lang='lat' dir='ltr'><strong>fectum</strong></span> <span class='ocrx_word' id='word_1_281' title='bbox 580 3271 666 3344; x_wconf 83' lang='lat' dir='ltr'><strong>putet</strong></span> <span class='ocrx_word' id='word_1_282' title='bbox 681 3273 715 3322; x_wconf 85' lang='lat' dir='ltr'><strong>ut</strong></span> <span class='ocrx_word' id='word_1_283' title='bbox 727 3259 823 3320; x_wconf 88' lang='lat' dir='ltr'><strong>iidem</strong></span> <span class='ocrx_word' id='word_1_284' title='bbox 830 3261 923 3338; x_wconf 77' lang='lat' dir='ltr'><strong>legati</strong></span> <span class='ocrx_word' id='word_1_285' title='bbox 933 3257 1092 3334; x_wconf 82' lang='lat' dir='ltr'><strong>redeuntes</strong></span> <span class='ocrx_word' id='word_1_286' title='bbox 1098 3261 1221 3318; x_wconf 87' lang='lat' dir='ltr'><strong>interci-</strong></span> 
     </span>
    </p>

    <p class='ocr_par' dir='ltr' id='par_1_12' title="bbox 124 3360 1223 3599">
     <span class='ocr_line' id='line_1_35' title="bbox 164 3360 277 3410; baseline -0.009 0"><span class='ocrx_word' id='word_1_287' title='bbox 164 3360 277 3410; x_wconf 63' lang='lat' dir='ltr'><strong>untur.</strong></span> 
     </span>
     <span class='ocr_line' id='line_1_36' title="bbox 124 3369 1223 3516; baseline -0.01 -17"><span class='ocrx_word' id='word_1_288' title='bbox 124 3369 164 3428; x_wconf 65' lang='lat' dir='ltr'><strong>P‘</strong></span> <span class='ocrx_word' id='word_1_289' title='bbox 210 3438 284 3500; x_wconf 83' lang='grc'><strong>861.</strong></span> <span class='ocrx_word' id='word_1_290' title='bbox 325 3453 366 3496; x_wconf 85' lang='lat' dir='ltr'><strong>ne</strong></span> <span class='ocrx_word' id='word_1_291' title='bbox 387 3433 462 3516; x_wconf 88' lang='lat' dir='ltr'><strong>qnid</strong></span> <span class='ocrx_word' id='word_1_292' title='bbox 480 3431 632 3494; x_wconf 82' lang='lat' dir='ltr'><strong>desideres</strong></span> <span class='ocrx_word' id='word_1_293' title='bbox 651 3428 733 3512; x_wconf 85' lang='lat' dir='ltr'><strong>qnod</strong></span> <span class='ocrx_word' id='word_1_294' title='bbox 753 3428 794 3490; x_wconf 83' lang='lat' dir='ltr'><strong>ed</strong></span> <span class='ocrx_word' id='word_1_295' title='bbox 805 3431 849 3490; x_wconf 89' lang='lat' dir='ltr'><strong>rei</strong></span> <span class='ocrx_word' id='word_1_296' title='bbox 862 3430 1106 3510; x_wconf 74' lang='lat' dir='ltr'><strong>perspicuitatem</strong></span> <span class='ocrx_word' id='word_1_297' title='bbox 1118 3429 1223 3490; x_wconf 86' lang='lat' dir='ltr'><strong>confe-</strong></span> 
     </span>
     <span class='ocr_line' id='line_1_37' title="bbox 125 3517 688 3599; baseline -0.004 -21"><span class='ocrx_word' id='word_1_298' title='bbox 125 3529 183 3594; x_wconf 84' lang='lat' dir='ltr'><strong>ret,</strong></span> <span class='ocrx_word' id='word_1_299' title='bbox 202 3520 271 3599; x_wconf 80' lang='lat' dir='ltr'><strong>lege</strong></span> <span class='ocrx_word' id='word_1_300' title='bbox 285 3517 396 3580; x_wconf 81' lang='lat' dir='ltr'><strong>Chron.</strong></span> <span class='ocrx_word' id='word_1_301' title='bbox 407 3518 552 3579; x_wconf 86' lang='lat' dir='ltr'><strong>Pesohele</strong></span> <span class='ocrx_word' id='word_1_302' title='bbox 561 3540 599 3597; x_wconf 84' lang='lat' dir='ltr'><strong>p.</strong></span> <span class='ocrx_word' id='word_1_303' title='bbox 615 3521 688 3582; x_wconf 90' lang='grc'><strong>722.</strong></span> 
     </span>
    </p>

    <p class='ocr_par' dir='ltr' id='par_1_13' title="bbox 124 3598 1228 4278">
     <span class='ocr_line' id='line_1_38' title="bbox 212 3598 1223 3684; baseline -0.01 -18"><span class='ocrx_word' id='word_1_304' title='bbox 212 3609 284 3670; x_wconf 84' lang='grc'><strong>867.</strong></span> <span class='ocrx_word' id='word_1_305' title='bbox 326 3607 392 3664; x_wconf 85' lang='lat' dir='ltr'><strong>iure</strong></span> <span class='ocrx_word' id='word_1_306' title='bbox 407 3602 561 3684; x_wconf 87' lang='lat' dir='ltr'><strong>deiperem</strong></span> <span class='ocrx_word' id='word_1_307' title='bbox 572 3603 647 3662; x_wconf 87' lang='lat' dir='ltr'><strong>belli</strong></span> <span class='ocrx_word' id='word_1_308' title='bbox 659 3601 813 3661; x_wconf 87' lang='lat' dir='ltr'><strong>dominern</strong></span> <span class='ocrx_word' id='word_1_309' title='bbox 824 3600 971 3679; x_wconf 69' lang='lat' dir='ltr'><strong>appellet,</strong></span> <span class='ocrx_word' id='word_1_310' title='bbox 995 3618 1071 3680; x_wconf 86' lang='lat' dir='ltr'><strong>quee</strong></span> <span class='ocrx_word' id='word_1_311' title='bbox 1086 3598 1223 3658; x_wconf 88' lang='lat' dir='ltr'><strong>omnium</strong></span> 
     </span>
     <span class='ocr_line' id='line_1_39' title="bbox 125 3682 1223 3769; baseline -0.012 -19"><span class='ocrx_word' id='word_1_312' title='bbox 125 3690 306 3769; x_wconf 82' lang='lat' dir='ltr'><strong>scriptorum</strong></span> <span class='ocrx_word' id='word_1_313' title='bbox 323 3693 518 3752; x_wconf 86' lang='lat' dir='ltr'><strong>consensione</strong></span> <span class='ocrx_word' id='word_1_314' title='bbox 538 3691 603 3751; x_wconf 84' lang='lat' dir='ltr'><strong>viee</strong></span> <span class='ocrx_word' id='word_1_315' title='bbox 624 3699 671 3747; x_wconf 89' lang='lat' dir='ltr'><strong>est</strong></span> <span class='ocrx_word' id='word_1_316' title='bbox 690 3686 814 3746; x_wconf 84' lang='lat' dir='ltr'><strong>ceelitns</strong></span> <span class='ocrx_word' id='word_1_317' title='bbox 835 3684 957 3758; x_wconf 85' lang='lat' dir='ltr'><strong>edesse,</strong></span> <span class='ocrx_word' id='word_1_318' title='bbox 985 3695 1018 3744; x_wconf 90' lang='lat' dir='ltr'><strong>nt</strong></span> <span class='ocrx_word' id='word_1_319' title='bbox 1037 3684 1124 3741; x_wconf 91' lang='lat' dir='ltr'><strong>litem</strong></span> <span class='ocrx_word' id='word_1_320' title='bbox 1144 3682 1223 3738; x_wconf 85' lang='lat' dir='ltr'><strong>inter</strong></span> 
     </span>
     <span class='ocr_line' id='line_1_40' title="bbox 124 3763 1224 3855; baseline -0.009 -21"><span class='ocrx_word' id='word_1_321' title='bbox 124 3775 241 3836; x_wconf 79' lang='lat' dir='ltr'><strong>Aberes</strong></span> <span class='ocrx_word' id='word_1_322' title='bbox 255 3785 285 3834; x_wconf 89' lang='lat' dir='ltr'><strong>et</strong></span> <span class='ocrx_word' id='word_1_323' title='bbox 298 3775 469 3855; x_wconf 80' lang='lat' dir='ltr'><strong>cpolitenos</strong></span> <span class='ocrx_word' id='word_1_324' title='bbox 482 3773 644 3834; x_wconf 85' lang='lat' dir='ltr'><strong>dirimeret.</strong></span> <span class='ocrx_word' id='word_1_325' title='bbox 685 3771 774 3852; x_wconf 83' lang='lat' dir='ltr'><strong>plura</strong></span> <span class='ocrx_word' id='word_1_326' title='bbox 785 3768 835 3830; x_wconf 83' lang='lat' dir='ltr'><strong>liic</strong></span> <span class='ocrx_word' id='word_1_327' title='bbox 850 3779 1007 3830; x_wconf 85' lang='lat' dir='ltr'><strong>occurrunt</strong></span> <span class='ocrx_word' id='word_1_328' title='bbox 1020 3787 1097 3850; x_wconf 89' lang='lat' dir='ltr'><strong>quee</strong></span> <span class='ocrx_word' id='word_1_329' title='bbox 1112 3763 1151 3824; x_wconf 85' lang='lat' dir='ltr'><strong>ed</strong></span> <span class='ocrx_word' id='word_1_330' title='bbox 1163 3765 1224 3824; x_wconf 82' lang='lat' dir='ltr'><strong>fori</strong></span> 
     </span>
     <span class='ocr_line' id='line_1_41' title="bbox 124 3851 1222 3935; baseline -0.013 -15"><span class='ocrx_word' id='word_1_331' title='bbox 124 3863 277 3920; x_wconf 88' lang='lat' dir='ltr'><strong>retionern</strong></span> <span class='ocrx_word' id='word_1_332' title='bbox 290 3868 320 3918; x_wconf 92' lang='lat' dir='ltr'><strong>et</strong></span> <span class='ocrx_word' id='word_1_333' title='bbox 330 3879 421 3920; x_wconf 85' lang='lat' dir='ltr'><strong>usum</strong></span> <span class='ocrx_word' id='word_1_334' title='bbox 429 3859 602 3934; x_wconf 69' lang='lat' dir='ltr'><strong>diducunt,</strong></span> <span class='ocrx_word' id='word_1_335' title='bbox 624 3877 693 3918; x_wconf 87' lang='lat' dir='ltr'><strong>cnm</strong></span> <span class='ocrx_word' id='word_1_336' title='bbox 704 3859 742 3918; x_wconf 81' lang='lat' dir='ltr'><strong>iis</strong></span> <span class='ocrx_word' id='word_1_337' title='bbox 757 3854 937 3916; x_wconf 76' lang='lat' dir='ltr'><strong>conferenda</strong></span> <span class='ocrx_word' id='word_1_338' title='bbox 950 3872 1026 3935; x_wconf 88' lang='lat' dir='ltr'><strong>quee</strong></span> <span class='ocrx_word' id='word_1_339' title='bbox 1039 3854 1179 3931; x_wconf 86' lang='lat' dir='ltr'><strong>leguntur</strong></span> <span class='ocrx_word' id='word_1_340' title='bbox 1188 3851 1222 3906; x_wconf 89' lang='lat' dir='ltr'><strong>in</strong></span> 
     </span>
     <span class='ocr_line' id='line_1_42' title="bbox 124 3934 1223 4020; baseline -0.014 -14"><span class='ocrx_word' id='word_1_341' title='bbox 124 3946 262 4006; x_wconf 79' lang='lat' dir='ltr'><strong>llistorie</strong></span> <span class='ocrx_word' id='word_1_342' title='bbox 282 3945 354 4004; x_wconf 79' lang='lat' dir='ltr'><strong>Fosi</strong></span> <span class='ocrx_word' id='word_1_343' title='bbox 369 3947 457 4006; x_wconf 84' lang='lat' dir='ltr'><strong>llom.</strong></span> <span class='ocrx_word' id='word_1_344' title='bbox 479 3965 499 4004; x_wconf 86' lang='lat' dir='ltr'><strong>e</strong></span> <span class='ocrx_word' id='word_1_345' title='bbox 517 3946 675 4004; x_wconf 79' lang='lat' dir='ltr'><strong>ancisco</strong></span> <span class='ocrx_word' id='word_1_346' title='bbox 696 3943 802 4002; x_wconf 84' lang='lat' dir='ltr'><strong>Poleto</strong></span> <span class='ocrx_word' id='word_1_347' title='bbox 822 3953 891 4020; x_wconf 83' lang='lat' dir='ltr'><strong>poet</strong></span> <span class='ocrx_word' id='word_1_348' title='bbox 902 3937 1074 3998; x_wconf 83' lang='lat' dir='ltr'><strong>Brodeeum</strong></span> <span class='ocrx_word' id='word_1_349' title='bbox 1088 3934 1223 3994; x_wconf 74' lang='lat' dir='ltr'><strong>confecta</strong></span> 
     </span>
     <span class='ocr_line' id='line_1_43' title="bbox 125 4021 1223 4109; baseline -0.01 -17"><span class='ocrx_word' id='word_1_350' title='bbox 125 4033 209 4092; x_wconf 68' lang='lat' dir='ltr'><strong>inter</strong></span> <span class='ocrx_word' id='word_1_351' title='bbox 231 4029 388 4108; x_wconf 71' lang='lat' dir='ltr'><strong>Supplem.</strong></span> <span class='ocrx_word' id='word_1_352' title='bbox 416 4031 561 4090; x_wconf 67' lang='lat' dir='ltr'><strong>Tlseearrr.</strong></span> <span class='ocrx_word' id='word_1_353' title='bbox 585 4029 717 4109; x_wconf 71' lang='lat' dir='ltr'><strong>Arrtr&#39;qq.</strong></span> <span class='ocrx_word' id='word_1_354' title='bbox 739 4026 808 4087; x_wconf 77' lang='lat' dir='ltr'><strong>Jot.</strong></span> <span class='ocrx_word' id='word_1_355' title='bbox 831 4026 940 4086; x_wconf 82' lang='lat' dir='ltr'><strong>Polcm&#39;</strong></span> <span class='ocrx_word' id='word_1_356' title='bbox 963 4022 1031 4082; x_wconf 80' lang='lat' dir='ltr'><strong>Vol.</strong></span> <span class='ocrx_word' id='word_1_357' title='bbox 1055 4025 1073 4085; x_wconf 97' lang='lat'>1</span> <span class='ocrx_word' id='word_1_358' title='bbox 1093 4041 1131 4098; x_wconf 82' lang='lat' dir='ltr'><strong>p-</strong></span> <span class='ocrx_word' id='word_1_359' title='bbox 1148 4021 1223 4090; x_wconf 75' lang='grc'><strong>828·</strong></span> 
     </span>
     <span class='ocr_line' id='line_1_44' title="bbox 127 4101 1227 4177; baseline -0.012 0"><span class='ocrx_word' id='word_1_360' title='bbox 127 4117 275 4177; x_wconf 83' lang='lat' dir='ltr'><strong>nimirum</strong></span> <span class='ocrx_word' id='word_1_361' title='bbox 291 4114 396 4176; x_wconf 88' lang='lat' dir='ltr'><strong>Piside</strong></span> <span class='ocrx_word' id='word_1_362' title='bbox 416 4117 534 4176; x_wconf 84' lang='lat' dir='ltr'><strong>bellurn</strong></span> <span class='ocrx_word' id='word_1_363' title='bbox 553 4115 716 4176; x_wconf 80' lang='lat' dir='ltr'><strong>Abericnm</strong></span> <span class='ocrx_word' id='word_1_364' title='bbox 741 4116 816 4173; x_wconf 87' lang='lat' dir='ltr'><strong>scite</strong></span> <span class='ocrx_word' id='word_1_365' title='bbox 842 4122 876 4172; x_wconf 89' lang='lat' dir='ltr'><strong>nt</strong></span> <span class='ocrx_word' id='word_1_366' title='bbox 905 4127 1027 4168; x_wconf 84' lang='lat' dir='ltr'><strong>oensem</strong></span> <span class='ocrx_word' id='word_1_367' title='bbox 1048 4101 1227 4166; x_wconf 87' lang='lat' dir='ltr'><strong>consideret.</strong></span> 
     </span>
     <span class='ocr_line' id='line_1_45' title="bbox 129 4191 1228 4278; baseline -0.011 -18"><span class='ocrx_word' id='word_1_368' title='bbox 129 4202 330 4261; x_wconf 76' lang='lat' dir='ltr'><strong>controversie</strong></span> <span class='ocrx_word' id='word_1_369' title='bbox 345 4212 406 4278; x_wconf 85' lang='lat' dir='ltr'><strong>eet,</strong></span> <span class='ocrx_word' id='word_1_370' title='bbox 427 4197 601 4262; x_wconf 84' lang='lat' dir='ltr'><strong>cedendene</strong></span> <span class='ocrx_word' id='word_1_371' title='bbox 615 4203 655 4262; x_wconf 86' lang='lat' dir='ltr'><strong>eit</strong></span> <span class='ocrx_word' id='word_1_372' title='bbox 668 4201 741 4260; x_wconf 87' lang='lat' dir='ltr'><strong>urbs</strong></span> <span class='ocrx_word' id='word_1_373' title='bbox 751 4197 918 4269; x_wconf 81' lang='lat' dir='ltr'><strong>Aberibue3</strong></span> <span class='ocrx_word' id='word_1_374' title='bbox 940 4195 1025 4254; x_wconf 85' lang='lat' dir='ltr'><strong>locus</strong></span> <span class='ocrx_word' id='word_1_375' title='bbox 1041 4191 1165 4251; x_wconf 80' lang='lat' dir='ltr'><strong>actionis</strong></span> <span class='ocrx_word' id='word_1_376' title='bbox 1182 4197 1228 4248; x_wconf 83' lang='lat' dir='ltr'><strong>eet</strong></span> 
     </span>
    </p>
   </div>
   <div class='ocr_carea' id='block_1_5' title="bbox 129 4271 1225 4468">
    <p class='ocr_par' dir='ltr' id='par_1_14' title="bbox 129 4271 1225 4468">
     <span class='ocr_line' id='line_1_46' title="bbox 129 4271 1225 4442; baseline -0.01 -98"><span class='ocrx_word' id='word_1_377' title='bbox 129 4283 300 4350; x_wconf 84' lang='lat' dir='ltr'><strong>edmoenie</strong></span> <span class='ocrx_word' id='word_1_378' title='bbox 310 4287 411 4368; x_wconf 74' lang='lat' dir='ltr'><strong>ntbls3</strong></span> <span class='ocrx_word' id='word_1_379' title='bbox 431 4285 594 4352; x_wconf 79' lang='lat' dir='ltr'><strong>edrcrerur</strong></span> <span class='ocrx_word' id='word_1_380' title='bbox 605 4280 1028 4442; x_wconf 60' lang='lat' dir='ltr'><strong>procpcliteniscstsergips,</strong></span> <span class='ocrx_word' id='word_1_381' title='bbox 1039 4271 1225 4350; x_wconf 81' lang='lat' dir='ltr'><strong>indexdens,</strong></span> 
     </span>
     <span class='ocr_line' id='line_1_47' title="bbox 170 4383 1021 4468; baseline -0.011 -15"><span class='ocrx_word' id='word_1_382' title='bbox 170 4395 270 4468; x_wconf 70' lang='lat' dir='ltr'><strong>Gurg.</strong></span> <span class='ocrx_word' id='word_1_383' title='bbox 290 4397 372 4454; x_wconf 68' lang='grc' dir='ltr'><strong>Μ</strong></span> <span class='ocrx_word' id='word_1_384' title='bbox 999 4383 1021 4444; x_wconf 86' lang='grc'><strong>2</strong></span> 
     </span>
    </p>
   </div>
   <div class='ocr_carea' id='block_1_6' title="bbox 0 0 1514 4817">
    <p class='ocr_par' dir='ltr' id='par_1_15' title="bbox 0 0 1514 4817">
     <span class='ocr_line' id='line_1_48' title="bbox 0 0 1514 4817; baseline 0 0"><span class='ocrx_word' id='word_1_385' title='bbox 0 0 1514 4817; x_wconf 95' lang='lat' dir='ltr'><strong> </strong></span> 
     </span>
    </p>
   </div>
  </div>
 </body>
</html>
