3017 4817
468 299 513 364 IN
534 298 707 366 BELLUM
726 298 956 368 AVARJGUM.
1190 301 1262 374 137

158 460 301 544 ribusque
314 461 396 521 male
410 465 532 522 cesserit
542 465 701 539 sententie,
720 463 757 522 in
771 481 864 544 qnam
876 483 982 524 omnes
997 476 1206 542 convenerant,
1229 477 1262 526 ut

158 545 230 606 dato
241 551 414 627 perignem
427 551 515 627 signo
528 547 664 630 undique
677 568 784 609 omnes
796 551 1006 630 irrumperent.
1049 555 1134 610 testis
1147 563 1193 611 eat
1205 555 1262 610 Ni-

158 630 305 711 cephcrua
320 643 398 712 patr.
410 655 446 711 p.
462 638 520 709 123
541 655 582 692 ex
597 653 657 714 quc
671 633 835 714 repetenda
849 654 927 716 quae
940 645 1018 693 tacet
1032 633 1134 695 Pisida
1147 639 1179 694 in
1192 636 1260 696 lau·
1375 663 1381 678 ¹

158 716 258 776 dando
273 729 391 778 tuntum
404 720 510 797 Sergio
525 730 697 799 occupatus.
739 718 909 799 Nicephcro
924 718 1122 800 adstipulatur
1133 718 1261 780 Chroni-

158 808 214 860 ocn
230 801 337 862 Paeeh.
347 825 383 880 p.
403 805 483 878 724,
514 823 554 862 ex
575 823 635 885 quc
656 814 740 884 patet
751 807 903 865 Armeniis
916 808 1020 884 ignem
1035 803 1104 865 data
1119 825 1208 886 opera
1222 805 1261 866 ad

159 886 267 947 aedem
279 889 313 946 S.
327 887 444 947 Nicolai
458 889 660 949 excitantibus
676 889 818 950 barbaros
833 910 938 950 omues
953 890 1093 970 deceptos
1105 892 1211 950 fuisse.

243 973 318 1036 405.
358 973 474 1032 Abares
488 993 558 1032 cum
576 976 639 1032 iem
656 977 781 1054 propius
796 973 836 1034 ad
852 975 959 1035 urbem
975 979 1189 1052 accessissent,
1219 995 1260 1036 ex

157 1077 195 1116 ea
213 1067 300 1136 parte
318 1058 371 1116 ubi
388 1058 615 1118 celeberrimum
630 1058 770 1140 deiparae
784 1063 910 1140 virginis
928 1059 967 1120 ed
981 1059 1165 1121 Blacheruaa
1180 1072 1260 1121 tem-

157 1144 247 1220 plum
259 1153 445 1202 exstructum
455 1154 536 1219 erat,
564 1147 730 1225 irrumpere
751 1149 851 1205 cunuti
865 1155 945 1205 sunt.
988 1147 1123 1205 matu
1137 1167 1155 1206 a
1168 1147 1260 1206 Gom-

156 1225 264 1285 befisio
282 1225 363 1286 edita
383 1229 474 1286 refert
488 1227 617 1308 Scythas
636 1229 676 1288 ad
694 1232 862 1310 templum,
889 1228 971 1311 qnod
986 1231 1123 1310 insonte
1141 1241 1260 1303 vocant,

156 1314 338 1370 aetarnae.
381 1311 436 1372 sed
447 1315 597 1392 templum
612 1315 756 1394 insonte,
788 1317 873 1374 cuius
892 1317 977 1374 nulla
996 1319 1109 1375 mentio
1125 1318 1157 1376 in
1174 1317 1267 1396 epota

157 1394 343 1472 Christiane,
376 1417 394 1456 e
408 1396 645 1456 blachernarum
659 1401 774 1478 templo
789 1419 851 1458 non
865 1401 958 1459 fuisse
978 1397 1159 1462 ffldnuuum
1172 1403 1260 1460 colli-

158 1484 257 1560 gimus
274 1501 315 1540 ex
330 1480 500 1562 Nicephcro
515 1485 641 1542 cuncto
659 1484 700 1547 15
716 1505 744 1541 ο.
760 1482 801 1548 25
816 1486 909 1548 0126.
952 1481 1003 1543 hic
1021 1487 1115 1562 igitur
1133 1496 1197 1546 acta
1215 1496 1260 1546 est

157 1585 274 1646 pugna.
314 1564 365 1625 hic
384 1566 507 1647 deipara
525 1568 699 1646 (lpolitanos
718 1566 855 1628 defendit
876 1581 907 1628 et
925 1569 1067 1630 barbaros
1080 1572 1260 1649 profligavit.

158 1671 263 1711 omnes
285 1653 377 1732 plane
403 1651 540 1712 historici
566 1653 699 1712 fatentur
722 1656 848 1732 virginis
868 1655 1014 1714 miracadc
1037 1655 1143 1714 urbem
1166 1656 1261 1714 fuisse

157 1737 328 1796 liberatam.
371 1749 402 1796 et
414 1736 567 1796 Cedrenus
577 1759 613 1816 p.
632 1737 695 1802 416
716 1741 866 1817 virginem
882 1741 981 1818 ipsam
995 1759 1065 1798 rere
1085 1759 1117 1799 se
1139 1743 1261 1819 ccuspi-

158 1821 298 1881 oiendam
309 1819 447 1882 hostibus
461 1821 580 1882 dedisse
593 1834 712 1896 narrat,
735 1823 818 1904 quod
831 1833 883 1881 aut
896 1843 938 1882 ex
950 1823 1054 1882 Pisida
1069 1823 1173 1900 tinxit,
1195 1828 1260 1905 qui,

158 1918 192 1966 ut
204 1917 303 1987 patet,
332 1909 514 1966 militantem
535 1906 690 1988 deiparam
709 1908 800 1984 facit,
830 1918 882 1966 aut
896 1929 936 1967 ex
949 1907 1095 1970 Chronico
1110 1907 1259 1985 Paschali,

156 1995 190 2050 in
208 2012 269 2074 quc
277 2014 315 2071 p.
330 1995 393 2057 726
406 1995 449 2051 ita
465 1994 594 2072 legitur:
615 1991 668 2055 sul
685 1997 776 2056 recito
794 1992 892 2075 fleyes
910 1991 929 2056 d
948 1989 1042 2068 ἔθεος
1058 1987 1201 2074 Χαγᾶνος
1216 1997 1262 2078 api

156 2083 254 2162 καιρῷ
269 2080 328 2140 scri
338 2076 489 2156 nolimu,
510 2071 558 2141 ὅτι
572 2073 631 2161 ἐγῶ
641 2083 753 2159 θεωρεῖ
766 2085 897 2160 yroniam
910 2083 1162 2160 σεμνοφοροῦσαν
1176 2101 1259 2161 arepe-

156 2159 320 2245 τρέχουσαι*
333 2163 376 2236 εἰς
388 2159 422 2225 ed
432 2168 527 2242 τεῖχος
540 2156 640 2243 μόνην
654 2153 760 2226 οὖσαν.

242 2249 317 2315 461.
360 2246 455 2322 dolis,
476 2249 631 2328 periuriis,
652 2245 811 2307 incendiis.

241 2332 316 2397 408.
358 2331 457 2392 codex
470 2331 563 2391 habet
577 2327 679 2412 dibu·

241 2417 316 2482 409.
359 2416 466 2477 decem
476 2415 583 2478 diebus
596 2429 674 2477 terra
683 2417 821 2498 marique
833 2425 999 2496 pugnatum
1012 2427 1075 2478 eat:
1091 2417 1165 2478 dum
1177 2419 1259 2478 enim

156 2505 273 2567 Abares
293 2501 423 2563 admotis
440 2501 590 2562 mechinia
607 2503 715 2562 urbem
727 2513 950 2582 oppugnarent,
974 2503 1075 2562 Sclari
1093 2515 1123 2564 et
1134 2505 1259 2582 Bulgari

144 2591 259 2670 parvis
280 2591 411 2668 navigiis
428 2591 508 2648 vecti
530 2609 586 2669 per
606 2591 708 2648 sinum
729 2589 903 2647 Ceratinum
925 2591 957 2646 in
975 2587 1060 2647 littus
1077 2588 1258 2648 descendere

157 2675 325 2754 urbemque
339 2676 439 2752 ipsam
451 2683 568 2734 vastare
578 2675 790 2740 moliebantur.
832 2675 935 2754 itaque
947 2675 980 2732 in
997 2670 1111 2753 duplici
1124 2674 1205 2734 bello
1222 2693 1259 2732 ao

158 2761 199 2820 de
225 2759 359 2839 pluribus
384 2779 444 2818 uua
473 2761 564 2818 simul
593 2761 757 2818 coniunctis
784 2755 919 2817 hostibus
942 2756 1033 2816 deum
1054 2770 1084 2817 et
1104 2758 1259 2838 deiparam

157 2842 378 2924 triumphantes
401 2841 595 2903 demonstrat.
638 2846 692 2924 qni
711 2861 776 2900 rem
796 2844 894 2920 magis
916 2839 957 2900 ad
972 2840 1148 2902 historicam
1166 2841 1259 2900 fidem

158 2920 327 3010 expensam
339 2931 420 3007 cupit
434 2929 614 3006 intelligere,
636 2926 725 2985 adeat
739 2924 910 2984 chronicon
924 2923 1080 2984 Paschale.

243 3013 317 3079 411.
346 3032 401 3073 ex
422 3033 483 3072 unc
501 3023 607 3072 uuncc
626 3021 713 3071 erant
731 3021 893 3070 excavatae
908 3010 1103 3068 harbarorum
1121 3009 1257 3090 cymbae,

158 3120 235 3182 quas
250 3101 357 3158 merito
374 3097 670 3158 uaborrberccarea.
711 3093 899 3175 Nicephorus
918 3093 1086 3174 patriarcha
1109 3105 1139 3154 et
1160 3092 1259 3154 Chro-

159 3191 250 3246 nieon
264 3181 409 3244 Panchaia
423 3177 572 3261 μονόξνλα
584 3203 635 3242 ees
650 3182 821 3262 appellant,
842 3177 1056 3260 Theophanes,
1079 3183 1131 3284 gui
1144 3181 1258 3259 legerat

158 3269 310 3346 Diuidam,
331 3280 362 3328 et
373 3269 541 3343 cedrenus,
571 3271 624 3348 qui
637 3264 874 3346 Theophanem,
902 3261 1018 3346 γλυπτοὶ
1034 3284 1138 3346 σκαφη
1155 3267 1257 3326 norni-

159 3367 245 3415 nant.
285 3357 465 3415 Ammianus
486 3355 678 3413 Marcellinus
697 3356 735 3416 51
761 3355 797 3416 3:
819 3348 1094 3428 vamfielabanlur
1106 3352 1140 3409 in
1153 3352 1216 3410 din
1230 3361 1259 3410 εἰ

159 3452 271 3513 nocue,
300 3439 430 3500 nauibus
448 3438 622 3518 rotibraeque
639 3449 668 3496 et
686 3437 803 3496 cavatis
816 3434 958 3494 arborum
969 3435 1065 3496 alveis
1078 3437 1260 3516 αμιίιιαίιηι

156 3547 201 3585 rm
291 3570 299 3586 .

195 3538 318 3676 wlff.
362 3606 505 3668 hactenus
514 3606 618 3668 Pisida
631 3608 690 3667 sibi
708 3607 792 3667 visus
809 3615 855 3667 eat
866 3617 1037 3666 terrestrem
1054 3623 1189 3684 pugnam
1202 3601 1257 3662 de-

159 3697 331 3776 scripsisse,
360 3714 401 3753 ex
420 3713 481 3776 qua
497 3694 608 3753 idcirco
623 3693 796 3773 cpolitancs
813 3695 941 3752 victores
963 3693 1093 3750 eraaiaae
1115 3687 1256 3762 declaret,

160 3786 233 3863 qnia
245 3783 369 3859 Sergius
382 3781 447 3839 sola
457 3782 600 3858 imaginis
616 3772 843 3859 dgaaomosu‘rcu
861 3777 1136 3854 circumgestetione
1147 3772 1257 3831 barba-

159 3886 211 3926 ros
232 3868 415 3944 represserit.
456 3867 559 3946 itaque
579 3866 710 3942 primam
729 3863 885 3921 victoriam
907 3859 963 3920 dec
981 3869 1135 3938 acceptam
1156 3857 1257 3917 refert.

158 3949 222 4010 hcc
239 3968 312 4007 sane
324 3959 397 4029 puto
410 3951 570 4028 significari
582 3969 637 4028 per
649 3967 686 4006 ea
701 3949 790 4006 verba
805 3942 841 4008 ari
863 3949 944 4008 aare
962 3949 1018 4023 τῆς
1036 3945 1158 4025 γραφῆς
1171 3952 1258 4021 terga

157 4037 212 4097 vel
223 4035 314 4093 dorso
323 4037 473 4112 piotwoe.
518 4037 636 4093 sienim
650 4034 723 4092 celia
731 4034 872 4111 Sergium
884 4030 1018 4090 barbaris
1031 4028 1174 4088 obiecisse
1187 4027 1258 4088 vnl-

158 4132 209 4181 tus
227 4121 407 4179 sanctissimi
425 4120 556 4177 anticam
573 4129 705 4198 partem,
734 4136 790 4197 per
810 4112 1096 4184 scindendum,
1116 4110 1257 4173 videlicet

157 4206 349 4287 superficiem
364 4203 486 4264 tabulae
504 4222 540 4263 ac
555 4207 654 4281 ipsesu
664 4205 755 4282 plane
770 4204 918 4282 picturam
928 4200 1098 4277 intelliges:
1120 4199 1163 4256 ita
1175 4199 1258 4256 euim

156 4288 197 4353 sd
212 4294 296 4356 adro
307 4296 365 4372 τῆς
376 4284 536 4371 θαλάσσης
547 4291 641 4348 mans
653 4285 984 4368 superliciea'explicari
1000 4285 1087 4346 solet.
1115 4285 1257 4344 sianum
