3017 4817
437 279 693 351 DESCRIPTIO
716 280 753 351 S.
779 279 969 351 sormam
1188 281 1262 355 111

148 468 256 511 arcum
271 446 428 511 interdum
443 446 536 524 duos,
559 448 633 529 μίαν
647 442 765 525 alcida,
793 442 899 513 ἄλλοτε
911 445 946 513 dl
957 441 1033 525 tto,
1058 446 1125 509 lieri
1142 444 1261 527 debere,

148 535 277 597 tandem
296 536 442 616 angelum
462 537 651 615 imperatoris
671 532 779 594 habitu
799 533 1030 595 architectorum
1047 538 1192 613 magistro
1205 556 1261 617 ap-

148 626 305 703 paruisse,
332 624 583 702 praecepisseqne
604 630 639 679 ut
661 622 813 701 retectae
833 616 915 699 μόαξ
938 640 993 681 seu
1012 621 1126 700 triplex
1146 622 1261 681 concha

148 708 246 782 fieret,
262 719 292 766 et
308 704 360 769 deci
372 712 464 787 τριῶν
479 710 585 781 στοῶν,
604 724 659 785 per
672 706 824 786 triplicem
837 709 986 785 porticum
1003 706 1059 786 (ita
1074 710 1260 786 superiorem

148 791 283 853 conchae
302 794 593 853 concamerationem
606 792 761 872 appellare
776 790 917 851 videntur
928 790 1109 870 Graeculi),
1140 811 1260 851 sacrum

147 880 241 938 bema
255 880 306 938 vel
318 880 421 957 ipsum
437 878 531 936 altare
545 878 784 953 illuminaretur,
814 878 847 935 in
861 879 984 937 nomine
1000 880 1094 956 petris
1109 889 1139 937 et
1157 878 1214 936 filii
1228 890 1258 939 et

146 967 273 1043 spiritus
295 966 413 1037 sancti3
444 974 534 1043 atque
561 964 604 1021 ita
631 963 782 1041 triplicem
808 960 956 1023 concham
983 964 1151 1023 confectam
1178 984 1255 1030 esse.
1272 970 1295 1024 P
1312 968 1365 1025 563

148 1053 239 1131 quasi
252 1069 323 1109 vero
335 1060 496 1129 antequem
511 1051 596 1129 operi
612 1067 738 1107 manum
753 1046 959 1108 admovissent
972 1047 1142 1124 architecti,
1164 1052 1256 1117 totins

146 1133 234 1193 aedis
252 1154 314 1192 non
326 1134 433 1193 fuisset
449 1132 599 1193 delineata
611 1134 709 1193 forma
722 1153 759 1193 ac
771 1132 882 1213 ligura,
914 1132 996 1215 quod
1013 1134 1124 1195 diserte
1141 1133 1178 1193 de
1194 1136 1256 1195 So-

144 1217 261 1299 phiana
274 1218 367 1277 tradit
377 1221 555 1298 Procopius,
578 1220 630 1277 ubi
643 1217 679 1277 de
693 1216 859 1279 Anthemio
873 1219 1054 1279 architector
1078 1218 1160 1278 hunc
1171 1224 1254 1281 enim

145 1302 324 1365 condendae
349 1303 434 1363 aedis
457 1305 586 1383 figuram
607 1302 774 1363 delineatae
793 1324 829 1363 ac
848 1301 1022 1383 designasse
1042 1306 1162 1365 scribit:
1191 1312 1254 1369 coir

142 1388 361 1471 γενησομένων
374 1383 639 1469 προδιασκενᾶζων
653 1385 829 1467 ἰνδάλματα,
870 1392 915 1449 ita
935 1393 1051 1469 passim
1069 1412 1167 1469 nugas
1183 1411 1253 1452 suas

144 1474 1252 1640 {tarintittrstrrtrrarata1einr

144 1644 229 1725 apud
235 1648 418 1705 Paulinum:
436 1644 572 1724 reliqniis
583 1645 787 1723 apostolorum
802 1657 830 1703 et
841 1658 1009 1725 marqmm
1019 1651 1101 1705 intra
1114 1649 1252 1725 apsidem

142 1730 308 1789 trichoram
328 1728 385 1788 cub
404 1730 498 1789 altari
511 1733 648 1789 sacratis.
694 1733 738 1789 sic
753 1734 836 1791 enim
848 1732 1014 1811 legendum
1029 1732 1182 1812 contendit
1195 1752 1251 1812 pro
1305 1782 1309 1789 .

141 1816 277 1875 whom
294 1814 351 1874 cub
372 1816 500 1886 altaria,
522 1818 571 1873 cui
590 1816 743 1876 subscribo
765 1817 891 1890 lubens,
921 1838 991 1877 cnm
1012 1820 1137 1877 unicum
1159 1819 1251 1878 fuerit

141 1903 240 1961 altare
252 1904 285 1959 in
300 1899 405 1980 apside
420 1919 474 1959 seu
489 1899 610 1976 absida,
632 1912 722 1981 etque
739 1900 815 1960 adeo
828 1905 862 1960 in
874 1913 938 1962 tota
953 1901 1028 1962 aede
1044 1923 1144 1977 sacra,
1169 1902 1252 1984 quod

140 1998 175 2046 et
187 1986 265 2045 infra
282 1990 355 2046 satis
371 1984 495 2046 indicet.
539 2006 610 2045 narn
626 1996 742 2046 constat
754 1986 887 2045 trichora
901 1986 981 2047 dicta
992 1990 1085 2047 fuisse
1102 2008 1138 2047 ea
1154 1991 1252 2048 tricli-

140 2076 195 2131 nis
213 2091 290 2153 qnae
309 2072 406 2131 tribus
427 2074 554 2131 cameris
572 2069 695 2131 conchis
709 2083 761 2131 aut
775 2073 911 2152 partibus
926 2074 1118 2148 constabant,
1147 2078 1251 2133 carius-

139 2156 230 2216 medi
249 2157 308 2215 fuit
325 2155 405 2215 illud
423 2154 461 2215 de
479 2176 539 2237 quo
550 2158 728 2237 Spartianus
741 2160 775 2217 in
789 2162 853 2217 vita
864 2160 1041 2217 Pescennii:
1063 2158 1170 2217 domm
1187 2162 1252 2219 aaa

138 2242 236 2301 hodie
248 2244 352 2300 visitur
363 2244 399 2299 s'rs
415 2262 521 2321 campo
539 2244 634 2315 Iovia,
656 2262 735 2322 patae
750 2242 926 2321 appellatio
941 2244 1116 2313 Pescennii,
1137 2246 1172 2301 irs
1188 2264 1252 2324 qua

139 2326 342 2387 mancum
354 2330 418 2385 cisse
434 2330 467 2385 irs
480 2328 610 2387 cahom
624 2329 787 2386 constituit.
831 2330 1029 2408 nequeenim
1043 2326 1252 2389 arrideteius·

139 2412 216 2471 dem
229 2412 371 2472 Salmasii
384 2415 569 2489 coniectura,
603 2416 656 2494 qui
670 2412 838 2472 trichoram
854 2413 1011 2493 fastigium
1031 2412 1140 2473 domus
1153 2416 1251 2474 inter-

138 2508 278 2579 pretatus
291 2508 346 2557 est.
368 2494 514 2557 namhoc
528 2499 594 2558 loco
607 2498 773 2557 trichoram
789 2510 835 2557 est
848 2499 1015 2557 triclinium
1028 2501 1115 2559 istius
1130 2498 1249 2577 demus,

138 2584 253 2658 nibus,
286 2594 320 2641 nt
343 2580 427 2658 dixi,
461 2587 586 2643 cerneris
610 2594 767 2657 constans,
797 2584 966 2644 cuiusmodi
980 2588 1098 2644 suntin
1116 2588 1249 2667 antiquis

137 2670 331 2728 monasteriis
349 2669 524 2743 refectoria,
556 2688 632 2750 quae
647 2667 719 2727 inde
736 2670 869 2729 anchoras
883 2680 914 2727 et
928 2670 1072 2729 cichorio
1089 2672 1250 2751 appellen.

139 2765 201 2813 tur.
226 2755 327 2813 Gloss.
341 2754 456 2813 Senon.
472 2754 613 2814 helfrici:
645 2756 802 2813 limorum
813 2753 865 2814 vel
882 2756 1076 2828 Prr'clirrinm,
1098 2757 1248 2817 Gereord-

138 2840 211 2899 Ιιω.
226 2842 250 2898 i.
266 2838 375 2899 domus
393 2840 580 2914 refectionis,
604 2858 664 2921 qna
681 2841 804 2899 notione
819 2840 974 2899 tricorium
994 2861 1050 2901 seu
1070 2842 1248 2901 trichoram

138 2940 268 3005 usurpat
282 2923 441 2985 Ordericns
456 2926 561 2984 Vitalis
576 2927 597 2984 l.
612 2930 631 2988 3
646 2936 676 2983 et
689 2929 708 2987 6
732 2924 841 3003 12·495
860 2935 891 2982 et
906 2930 978 2990 603.
1022 2937 1053 2985 at
1066 2928 1194 2985 loannes
1208 2927 1246 2987 de

138 3013 235 3070 lanua
254 3008 431 3069 cabhorinm
448 3010 570 3069 domum
589 3012 671 3068 trina
686 3010 912 3069 convivantium
934 3012 1061 3069 murone
1074 3010 1248 3076 ordinatam

138 3114 206 3155 csse
221 3098 281 3171 ait,
311 3094 568 3175 quemadmodum
587 3097 686 3155 solent
706 3093 848 3155 monachi
861 3097 894 3152 in
912 3097 975 3155 eois
990 3096 1155 3155 refectoriis
1171 3116 1246 3155 con-

137 3180 250 3240 sidere.
284 3182 429 3259 Ugnticni
442 3200 513 3241 vero
532 3180 640 3241 dicitur
654 3181 830 3240 trichcrs'um
842 3182 927 3239 hosts
939 3183 1026 3239 turta
1038 3184 1140 3262 r'grrem
1152 3202 1248 3241 carrea

132 3266 277 3345 proredir',
307 3264 422 3324 tabem
441 3287 577 3325 camena
597 3268 648 3327 vel
661 3278 720 3325 tres
733 3265 868 3325 absidas.
913 3266 1107 3326 corneliorum
1119 3270 1247 3328 occurrit

135 3354 170 3411 in
191 3352 390 3431 inscriptione
411 3349 450 3410 ad
467 3352 583 3411 fontem
597 3353 629 3413 S.
644 3350 796 3427 Theclae,
824 3349 990 3411 Mediolani
1005 3353 1069 3413 aS.
1083 3354 1245 3417 Ambrosio

136 3447 281 3513 exarata,
311 3434 395 3518 apud
407 3436 525 3497 Gruter.
541 3440 623 3504 1666
645 3442 676 3503 8.
719 3439 763 3496 ita
775 3457 864 3518 porro
879 3436 1161 3520 conchaSophians
1176 3440 1245 3499 effi-

136 3532 184 3581 cta
199 3533 263 3597 est,
294 3532 329 3581 nt
350 3523 429 3582 ultra
451 3525 546 3602 pilas,
577 3534 608 3582 et
631 3542 690 3604 qne
704 3534 790 3603 parte
806 3525 937 3604 parietes
953 3523 994 3583 ad
1008 3524 1104 3585 latera
1115 3524 1246 3585 bematis

137 3604 300 3681 desinunt,
322 3609 437 3667 sinuari
451 3611 577 3690 incipiat
590 3612 622 3667 in
636 3610 767 3669 fonnem
781 3607 1012 3689 hemicylindri,
1033 3630 1089 3671 sen
1104 3610 1158 3669 nbi
1172 3630 1246 3689 pro-

136 3712 258 3752 currere
280 3705 398 3752 cessant
423 3698 555 3773 porticus
578 3698 611 3753 in
633 3698 775 3755 interiore
795 3695 889 3770 acde;
933 3693 1015 3777 qnod
1035 3696 1182 3755 Paulinus
1207 3693 1247 3753 de

136 3779 253 3859 templo
268 3778 301 3838 S.
317 3780 426 3839 Felicis
440 3800 533 3859 agens
547 3782 591 3839 sio
607 3779 778 3861 descripsit:
810 3793 907 3840 totum
919 3801 988 3841 rere
1002 3791 1086 3839 aba
1100 3780 1247 3839 corrobora

137 3862 283 3923 mancae
304 3868 437 3943 spatium
454 3867 518 3923 alto
531 3877 561 3924 et
577 3866 720 3925 lacunato
734 3866 866 3927 cubem
875 3869 1008 3947 geminis
1021 3867 1162 3944 utrinque
1169 3884 1248 3943 por-

138 3948 247 4009 ticibus
261 3948 420 4009 dilatatur.
466 3950 551 4011 addit
564 3953 728 4032 Procopius
746 3952 879 4012 conchae
892 3951 1064 4033 Sophianae
1084 3952 1244 4011 imminere

137 4038 239 4095 nescio
255 4054 349 4116 qnam
360 4048 538 4096 structuram
551 4040 698 4116 μηνοειδῆ
713 4058 768 4097 seu
783 4039 912 4099 bicornis
926 4040 1019 4096 lunae
1030 4040 1126 4094 instar
1138 4038 1245 4095 sinua-

137 4130 216 4195 tam3
239 4141 319 4203 quae
333 4122 426 4181 simul
439 4126 640 4181 concinnitate
655 4122 903 4199 admirationem,
924 4124 1018 4183 simul
1034 4120 1143 4181 dubiae
1158 4142 1244 4182 oom-

138 4209 221 4285 pagis
233 4208 336 4286 specie
352 4210 494 4268 timorem
509 4211 605 4289 parit,
627 4220 662 4268 nt
677 4228 755 4290 qnae
770 4230 870 4291 neque
884 4206 1022 4267 videatur
1034 4206 1165 4287 pendere
1178 4218 1243 4281 tao,

139 4301 169 4351 et
179 4295 319 4375 quamvis
335 4292 506 4356 firmissime
518 4297 648 4373 nitatur,
672 4297 842 4377 periculam
855 4306 959 4355 temen
972 4302 1104 4357 ostentet
1114 4294 1159 4353 ibi
1173 4312 1244 4353 ver·
