3017 4817
252 262 328 337 15⁰
689 260 752 331 DU
777 256 919 330 ctltcll

250 448 325 490 uam
348 426 382 489 in
405 422 601 489 Rhinotmeto
629 434 660 489 et
686 427 819 490 Paulum
838 427 924 487 Diuo.
943 423 967 486 l.
986 420 1010 491 4
1027 422 1107 485 llist.
1125 423 1213 485 blico.
1233 420 1358 505 plebem

251 516 440 595 Gpuhtanam
453 514 688 574 tumultuantem
703 534 738 574 eo
755 532 789 573 se
804 515 965 593 recepisse.
1006 509 1089 570 unde
1104 530 1166 569 non
1177 512 1308 584 mirum,
1330 510 1358 571 si

249 593 1359 769 iiidd'i'iibiiiiss‘.iiid.⁸.i⁰i⁰2⁶.¹idi”iii.i¹ii'ihiii3

401 730 410 761 λ

250 775 365 834 isauro.

337 856 390 920 83.
432 856 469 915 ln
493 853 668 935 baptisterio
696 864 761 914 erat
783 853 854 914 fons
875 872 930 913 seu
953 871 1101 934 equarum
1123 850 1358 932 receptaculum,

252 940 376 1001 Graecis
394 934 613 1023 κολυμβήθρα,
634 938 787 999 interdurn
810 935 958 1019 δεξαμενή
976 947 1201 1018 nuncupatum,
1223 940 1256 995 in
1275 935 1361 1018 quod

251 1026 491 1087 immittebantur
516 1024 699 1105 baptizandi.
752 1026 807 1106 qui
833 1023 962 1107 quidem‘
980 1023 1050 1083 lons
1070 1032 1172 1082 tautae
1190 1034 1254 1082 erat
1277 1020 1360 1104 apud

253 1113 428 1192 cpolitanos
449 1114 666 1186 venerationis,
694 1120 729 1170 ut
751 1113 804 1193 qui
824 1108 864 1168 ad
882 1108 990 1168 aedem
1008 1106 1195 1188 Sophiauam
1216 1109 1294 1188 asyli
1310 1111 1359 1167 ius

251 1196 433 1273 habentem,
454 1207 489 1256 ut
509 1216 615 1257 omnes
632 1198 729 1256 ferme
749 1194 840 1255 aedes
859 1214 978 1270 morae,
997 1195 1226 1274 confugiebant,
1248 1192 1289 1251 ad
1303 1194 1360 1252 ba-

251 1284 422 1365 ptisterium
444 1280 516 1341 inde
537 1282 769 1358 contenderent,
798 1300 958 1363 sacrosque
977 1282 1052 1341 istos
1072 1280 1172 1339 fontes
1192 1277 1361 1359 prehensa·
1405 1309 1407 1312 ·

252 1379 330 1429 rent.
370 1370 535 1449 Procopius
557 1369 590 1427 in
610 1371 689 1427 Hist.
710 1384 839 1427 aroeuat
861 1360 937 1449 ὅπερ
950 1360 1057 1446 ἵναμή
1074 1362 1196 1447 γένηται
1213 1365 1358 1440 datuurus,

253 1452 286 1529 lc
304 1448 341 1517 sd
358 1456 415 1535 τῆς
433 1454 554 1531 Σοφίας
574 1449 657 1537 ἰερδν
675 1447 859 1535 φεήμουσιν,
883 1450 914 1527 ἔς
928 1472 961 1513 τε
972 1447 1024 1513 τόν
1037 1454 1127 1514 θεῖον
1140 1454 1297 1530 λουτρῶνα
1312 1450 1361 1513 λλ·

250 1542 370 1603 toccu
394 1542 451 1618 τῆς
472 1538 609 1602 irradio
627 1532 848 1621 κολυμβήθρας
867 1532 959 1619 dupe}
979 1536 1104 1616 εἴχοντο.
1146 1537 1206 1594 alio
1224 1537 1308 1594 locoz
1328 1533 1362 1609 te

251 1626 308 1704 τῆς
334 1624 455 1703 Σαφλας
476 1620 510 1687 ro'
535 1620 619 1702 ἱερὸν
639 1618 727 1703 ήκων
748 1622 780 1698 λς
803 1616 903 1700 αὐτήν
921 1644 983 1684 που
999 1617 1058 1701 τήν
1080 1619 1172 1683 θείαν
1194 1616 1361 1700 δεξαμενήν

252 1707 436 1785 βξακιναίως
462 1702 621 1784 ἐκάθισεν,
653 1703 751 1791 ἥνπερ
776 1702 905 1788 μάλιστα
924 1700 1050 1768 πάντων
1071 1706 1268 1784 νενομίκασιν
1284 1709 1362 1785 Χρι-

253 1792 372 1856 στιανοὶ
386 1792 500 1873 σέβειν,
521 1794 574 1852 ubi
587 1795 725 1872 imperite
739 1795 864 1852 omnino
878 1790 1005 1866 Snidas,
1027 1793 1080 1871 qul
1092 1792 1196 1850 locum
1208 1788 1291 1849 hunc
1303 1808 1362 1850 ex-

253 1880 391 1957 scripsit,
414 1873 583 1957 ιλεξαμενήν
596 1872 745 1959 τράπεζαν
759 1873 797 1940 τὰ
810 1883 883 1939 θεῖα
898 1875 1064 1957 δεχομένην
1079 1878 1291 1954 interpretatus
1305 1886 1361 1952 est,

254 1982 325 2024 oum
338 1960 417 2021 nihil
432 1960 516 2021 aliud
528 1965 567 2023 sit
583 1980 676 2044 quarn
687 1963 758 2023 fons
771 1963 953 2041 baptisterii,
974 1963 1028 2041 qui
1041 1961 1080 2018 ab
1095 1958 1203 2021 eodem
1214 1964 1362 2041 Procopio

254 2058 286 2108 et
300 2044 490 2129 Theophane
504 2050 562 2111 &2
575 2044 745 2107 Theodosii
755 2048 882 2107 iunioris
898 2056 928 2104 et
941 2052 997 2112 ο.7
1010 2048 1141 2105 Zenonis
1152 2042 1363 2126 κολυμβήθρα,

254 2133 293 2192 ab
313 2134 381 2193 aliis
402 2126 576 2213 υκουόμος,
597 2151 617 2191 ι
636 2134 781 2212 Gregorio
801 2134 845 2191 lli.
867 2131 987 2203 cloaca,
1008 2131 1046 2189 ab
1059 2133 1218 2191 Anastasio
1235 2135 1268 2190 in
1282 2134 1363 2190 llist.

254 2220 339 2279 liccl.
362 2220 547 2277 natatoriam
567 2218 726 2279 vocitatam.
768 2210 991 2298 κολυμβήθραν
1011 2214 1091 2274 dixit
1106 2218 1200 2275 etiam
1214 2215 1364 2275 Theodo-

255 2322 307 2364 rus
323 2305 433 2363 hectm
445 2304 529 2363 Eccl.
547 2307 585 2365 1:
605 2302 658 2367 καλ
671 2305 784 2366 τοῦτον
796 2302 831 2365 ἐν
845 2306 884 2387 τῇ
897 2295 1099 2386 κολυμβήθρα
1115 2304 1270 2385 σφαγῆναι
1283 2325 1365 2385 scup-

255 2384 433 2467 aourducrv3
452 2399 487 2449 ut
500 2398 530 2447 et
541 2386 695 2447 cedrenus
707 2388 740 2446 in
750 2389 853 2447 Leone
865 2386 903 2445 de
915 2388 1122 2466 (loprouymor
1142 2383 1266 2469 καὶγὰρ
1280 2380 1365 2464 dod·

256 2474 364 2537 δευσιν
384 2472 419 2537 ἐκ
436 2477 475 2560 τῇ
492 2471 563 2556 arte
580 2466 799 2556 κολυμβήθρᾳ,
820 2473 875 2531 ubi
895 2472 1009 2531 Paulus
1023 2473 1174 2533 Diaconos
1189 2473 1212 2531 l.
1225 2477 1264 2537 21
1283 2474 1365 2533 nter.

256 2560 344 2618 Miro.
363 2554 457 2617 habet
477 2560 510 2616 ire
531 2568 635 2615 sancto
656 2556 792 2616 lavacro.
835 2559 869 2615 in
891 2554 949 2617 hos
969 2568 1072 2615 autem
1091 2576 1190 2617 sacros
1207 2558 1306 2617 fontes
1322 2576 1367 2617 ex

256 2640 494 2725 aquaeductibus
511 2642 678 2701 influebant
699 2660 849 2721 perennes
866 2659 982 2721 aquae,
1003 2651 1038 2699 ut
1058 2642 1210 2720 colligitur
1225 2662 1266 2701 ex
1278 2644 1368 2701 Ana·

258 2730 350 2789 atasio
372 2725 411 2787 de
432 2728 509 2789 Vitis
531 2727 582 2786 PP
601 2746 634 2807 p.
656 2728 727 2801 117,
750 2724 822 2801 134,
846 2728 921 2802 168,
943 2737 974 2785 et
996 2740 1038 2784 ex
1059 2736 1187 2786 tractatu
1209 2725 1365 2809 decapite

258 2814 292 2875 S.
309 2814 430 2873 loannis
444 2814 481 2873 B.
499 2813 553 2955 ιρριβ
571 2809 700 2871 habetur
713 2814 747 2870 in
762 2812 877 2894 aliquot
894 2809 1046 2871 codicibus
1064 2812 1097 2872 S.
1112 2814 1265 2893 Cypriani.
1307 2815 1367 2872 ba-

258 2900 427 2979 ptisterium
449 2898 511 2978 Sop
535 2901 638 2956 'anum
656 2906 812 2977 praeterea
829 2899 877 2955 ius
895 2895 1038 2956 habuisse
1060 2898 1154 2977 asyli,
1181 2896 1307 2978 perinde
1327 2918 1366 2959 ao

256 2987 356 3065 ipsam
376 2982 499 3059 aedem,
520 2992 646 3043 testatur
664 2979 834 3042 Chronicon
852 2979 1096 3042 Alexandrinum
1110 3002 1141 3062 p.
1157 2986 1238 3049 752:
1259 2979 1365 3065 λαβήν

258 3070 437 3144 Βασιλλσκος
453 3064 511 3150 τήν
527 3074 656 3151 γυναῖκα
672 3060 769 3130 αὐτοῦ
788 3066 842 3129 καλ
859 3064 897 3129 τὰ
910 3066 1002 3131 risve
1015 3066 1129 3151 ἔφυγεν
1144 3064 1367 3154 ε1ςιήνμεγά·

259 3159 316 3236 λην
333 3153 494 3235 ἐκκλησίαν
500 3197 509 3230 ,
532 3154 576 3229 εἰς
594 3148 628 3216 cd
645 3150 721 3235 μίγα
735 3146 870 3230 coercui
891 3174 949 3216 ιον.

345 3236 398 3303 84.
440 3239 543 3299 Altera
559 3257 636 3319 qnae
654 3238 799 3297 ecclesias
816 3238 879 3317 Sop
913 3256 989 3297 auae
1006 3233 1148 3297 adiuncta
1163 3236 1224 3296 tuit
1239 3236 1365 3316 exedra,

260 3318 438 3388 δεακοκικόν
458 3324 608 3403 appellata
623 3334 679 3383 est.
723 3333 769 3382 est
784 3334 886 3382 autem
900 3320 1089 3383 diaconioum
1103 3320 1225 3383 Graecis
1236 3328 1366 3405 scripto·

260 3410 359 3485 ribus,
382 3406 464 3489 quod
487 3410 539 3469 alii
559 3408 702 3469 ecclesiae
725 3411 919 3468 secretarium
936 3420 1060 3485 vocant,
1081 3428 1137 3468 uos
1157 3411 1249 3487 vulgo
1267 3412 1366 3469 κιονί-

260 3496 352 3555 aulam
370 3492 509 3553 dicimus.
552 3511 629 3575 qnae
647 3492 773 3575 quidem
785 3514 849 3554 vox
862 3498 990 3553 occurrit
1001 3514 1064 3555 uon
1079 3495 1175 3553 semel
1192 3494 1273 3574 apud
1287 3499 1367 3554 scri-

260 3591 378 3660 ptores,
399 3598 461 3639 non
475 3576 567 3641 modo
583 3600 638 3660 pro
654 3577 768 3639 exedra
779 3582 822 3639 ita
838 3581 1007 3661 appellata,
1027 3578 1082 3639 sed
1098 3591 1128 3639 et
1141 3579 1293 3639 interdum
1308 3602 1364 3662 pro

260 3664 408 3725 conchula
434 3663 579 3740 bematis,
609 3668 641 3723 in
661 3682 720 3747 qne
742 3667 964 3746 reponebantur
983 3676 1082 3725 vestes
1103 3665 1302 3725 sacerdotales
1324 3664 1366 3724 ad

258 3769 375 3809 sacram
392 3750 547 3829 liturgiam
567 3753 769 3827 necessariae,
802 3750 841 3810 de
865 3769 926 3832 qua
950 3753 1067 3829 egimus
1086 3770 1196 3831 supra,
1227 3762 1261 3810 ut
1282 3750 1367 3832 apud
1491 3799 1493 3810 ,

261 3833 532 3915 philostorgtumt
552 3834 590 3910 3,
611 3836 760 3915 cyrillum
778 3838 812 3894 in
830 3838 893 3895 vita
909 3833 1068 3918 Euthymii
1083 3856 1110 3895 c.
1128 3840 1168 3900 18
1182 3847 1213 3895 et
1230 3838 1283 3911 19,
1306 3858 1366 3895 au-

262 3930 375 3981 ctorem
388 3922 474 3981 Vitae
490 3920 523 3981 S.
534 3922 683 3979 Anxentii
696 3918 957 3981 Archimaudritae
971 3940 998 3983 c.
1014 3927 1030 3986 1
1049 3942 1082 3980 n.
1098 3922 1137 3996 3,
1158 3922 1192 3979 in
1210 3920 1366 3982 Eucholo-

259 4006 327 4085 gio,
347 4007 466 4086 Typico
484 4006 599 4081 Sabae,
617 4006 762 4065 Passioue
784 4008 841 4067 SS.
860 4010 986 4066 Petrum
1006 4008 1195 4066 Sabaiterum
1216 4019 1273 4065 etc.
1317 4010 1368 4067 ri-

259 4088 348 4148 detur
368 4100 469 4150 autem
483 4091 527 4149 ita
541 4091 728 4170 appellatum
742 4102 795 4151 aut
809 4091 892 4173 quod
910 4092 1105 4153 diaconorum
1118 4094 1259 4172 primitus
1275 4094 1368 4152 fuerit

259 4174 294 4233 in
306 4193 342 4234 ea
355 4173 441 4235 sedes
455 4184 486 4234 et
495 4194 662 4251 consessus,
675 4176 726 4235 rel
739 4180 840 4257 potius
852 4177 935 4261 quod
945 4175 1022 4237 haec
1034 4177 1146 4237 exedra
1159 4198 1264 4237 eornm
1277 4198 1368 4238 curae

260 4262 454 4341 potissimum
472 4262 633 4321 commissa
652 4262 754 4323 firerit.
796 4266 831 4323 in
844 4284 882 4325 ea
897 4264 980 4325 enim
991 4282 1055 4324 uon
1066 4261 1158 4324 modo
1171 4282 1250 4349 quae
1262 4264 1303 4324 ed
1314 4284 1368 4325 eo-
