3017 4817
565 299 772 369 sonossltt
795 300 838 369 Il.
995 344 1000 359 ·
1178 301 1254 377 159

148 466 280 545 cadone,
303 465 376 529 durs
394 468 509 529 Abares
530 486 570 527 ex
590 475 675 547 parte
693 466 809 527 boreali
827 466 946 569 Gpolim
962 488 1135 549 oppugnare
1150 478 1252 529 tente-

148 566 216 613 rent
224 556 314 634 ,ipsi
326 574 366 615 ex
378 562 462 633 parte
477 552 669 613 meridionali
686 573 718 613 se
733 549 862 611 eandem
873 556 988 632 regiam
1002 554 1109 615 urbem
1126 572 1250 637 aggres-

148 660 234 699 suros
247 660 312 699 esse
328 649 541 699 convenerant.
582 637 651 697 vide
667 636 778 697 ibidem
794 659 824 697 v.
839 636 913 701 496.

234 728 285 789 91.
329 728 520 807 sequentium
531 742 674 783 versuum
687 743 811 783 sensum
827 743 889 781 non
902 724 974 783 satis
989 734 1126 803 apertum
1141 726 1184 783 sic
1200 744 1253 783 ao-

151 810 239 889 cipio.
285 830 354 867 oum
370 812 566 869 Heraclius
542 811 653 867 civium
666 806 845 867 dissidentes
861 811 975 867 animos
990 812 1023 867 in
1039 828 1135 867 unum
1151 808 1256 869 ooale-

148 915 231 955 soere
252 894 391 968 fecisset,
413 894 451 954 de
474 893 672 975 reprimendis
693 895 843 953 Abaribus
861 896 1019 973 cogitavit,
1041 914 1077 951 ac
1090 914 1180 973 saepe
1195 913 1252 952 vo-

147 981 255 1039 luisset
275 1000 331 1059 ope
353 977 456 1039 divina
475 990 505 1037 et
523 982 647 1061 virginis
670 982 785 1038 Mariae
804 980 969 1059 patrocinio
989 980 1083 1037 fretus
1105 979 1144 1038 ad
1162 990 1253 1059 pacta

148 1062 296 1123 servanda
318 1085 369 1124 eos
388 1066 584 1145 compellere,
607 1064 660 1123 sed
678 1086 746 1123 cum
759 1068 792 1122 in
807 1084 842 1123 eo
857 1076 936 1124 esset
950 1076 984 1121 ut
998 1065 1146 1124 Abaribus
1167 1083 1252 1122 arma

147 1150 288 1223 inferret,
321 1150 436 1209 Solavis
459 1171 499 1209 ex
521 1152 580 1208 alia
599 1162 682 1229 parte
699 1153 869 1208 Romanam
887 1149 1038 1208 dicionem
1054 1151 1251 1225 vastantibus,

149 1244 252 1291 contra
272 1237 353 1312 ipsos
376 1255 529 1294 occurrere
544 1246 573 1295 et
587 1237 623 1293 ab
637 1236 756 1314 incepto
770 1232 912 1293 desistere
936 1237 1105 1313 cogebatur.
1149 1239 1251 1315 itaque

148 1316 334 1397 Charybdis,
362 1330 396 1378 ut
414 1341 518 1399 supra,
549 1331 594 1377 est
612 1320 747 1377 Abacum
769 1322 868 1392 natio,
901 1322 966 1397 lupi
990 1330 1058 1377 sunt
1081 1321 1182 1378 Sclavi
1200 1320 1251 1378 vel

146 1406 274 1462 Persae:
303 1414 333 1463 at
352 1407 473 1484 Gorgon
495 1403 546 1461 hic
566 1422 628 1461 uon
648 1414 693 1462 est
714 1414 899 1477 monstrum,
929 1401 983 1461 sed
1003 1406 1105 1481 imago
1124 1407 1250 1483 virginis

147 1490 278 1565 Mariae,
302 1492 389 1548 cuius·
406 1510 463 1570 ope
481 1490 636 1547 Heraclius
657 1492 720 1547 iam
734 1500 823 1548 antea
836 1499 999 1567 tyrannum
1011 1487 1146 1547 Phocam
1162 1489 1249 1548 devi-

149 1584 239 1632 cerat.
283 1576 387 1633 ooufar
405 1596 500 1653 supra
515 1595 546 1632 v.
559 1578 600 1638 12
620 1584 649 1631 st
664 1594 745 1655 seqq.
749 1616 764 1645 ‚
786 1584 817 1632 et
840 1577 943 1635 omnia
966 1584 1068 1649 enmt,
1089 1576 1123 1632 ni
1147 1576 1247 1651 fallor,

149 1660 239 1738 plana
259 1670 288 1719 et
303 1658 529 1719 difficultatibus
543 1657 695 1737 expedita.

233 1747 286 1809 97.
325 1747 572 1826 speciosissimos
594 1745 652 1802 fuit
675 1744 792 1803 bellum
812 1743 993 1803 Abaricnmr
1025 1764 1157 1825 namque
1186 1766 1249 1806 uno

150 1827 317 1910 eodemque
334 1841 470 1909 tempore
493 1838 593 1887 contra
605 1840 666 1888 tres
680 1826 801 1905 hostes,
820 1828 935 1888 Abares
951 1831 1075 1889 Salaros
1088 1841 1118 1889 et
1130 1834 1248 1907 Persas,

150 1912 355 1975 dimicandum
371 1916 431 1975 fnit
445 1916 619 1995 cpolitanis.

235 2001 307 2063 101.
350 2020 428 2060 anno
451 2002 490 2063 11
512 2002 633 2078 imperii
650 2002 698 2059 sui
715 2000 873 2059 Heraclius
891 2019 1000 2079 pacem
1017 2020 1086 2059 curn
1105 1998 1251 2079 chagano

148 2084 371 2145 eremmanos
387 2087 563 2190 composuit,
585 2095 620 2145 ut
634 2096 736 2145 contra
755 2083 920 2143 chosroam
935 2105 1018 2145 anua
1031 2098 1176 2162 moveret,
1199 2089 1253 2192 spui

148 2168 294 2273 &sapide
314 2176 354 2257 τῇ
376 2172 448 2256 vesp
466 2164 566 2231 σιάιέτι
587 2168 619 2232 ἐν
645 2174 695 2275 τῷ
711 2173 879 2233 καθεστῶτι
899 2164 979 2233 εἶναι
998 2165 1145 2246 diiecto.
1185 2192 1255 2235 ross

148 2253 319 2334 Ἠρατὶτισς
346 2259 437 2334 ζῆλον
457 2258 535 2317 θεοῦ
548 2246 721 2356 dvcisdor'v
728 2253 782 2317 set
794 2250 866 2357 pest
881 2258 942 2316 τῶν
955 2248 1141 2359 'Addense’
1113 2252 1255 2359 apparueri-

149 2360 231 2447 σας,
244 2338 285 2414 cic
306 2336 456 2421 1ν6μιζτα,
481 2334 660 2420 μετήνεγκεν
681 2334 721 2403 sd
740 2332 946 2420 στρατεύματα
962 2346 1021 2417 τῆς
1036 2333 1193 2444 Edessae
1209 2340 1254 2415 sie

148 2448 206 2505 την
223 2418 345 2503 ’,Ασίαν
366 2425 418 2487 sel
441 2426 584 2489 διενοεῖτο
601 2428 641 2509 τῇ
660 2428 715 2489 τσῦ
738 2428 818 2489 111σῦ
833 2425 992 2509 osvspysip
1006 2448 1085 2489 sese
1074 2422 1253 2508 Περσίδας

147 2513 294 2592 χωρῆσαι.
336 2514 378 2569 ita
393 2508 598 2590 Theophanes
609 2532 645 2588 p.
662 2510 735 2575 251.

235 2597 308 2659 103.
351 2615 429 2657 anno
448 2597 580 2655 Heraclii
605 2598 643 2659 11
668 2606 816 2671 exeunte,
837 2592 941 2655 hieme
958 2606 1064 2662 autem
1080 2606 1251 2677 appetente,

149 2681 340 2739 Heraclius'
331 2702 363 2741 ιιι
387 2701 472 2739 oram
494 2682 658 2739 Asiaticam
678 2640 824 2759 Byzantib
847 2682 1017 2760 oppositam
1037 2684 1175 2756 secessit,
1198 2682 1252 2739 ubi

150 2785 245 2845 usque
264 2764 303 2823 ad
320 2765 402 2825 diem
417 2776 557 2846 quartum
570 2768 683 2825 merids
696 2767 811 2845 Aprilis
825 2769 980 2867 sequentis
995 2769 1069 2825 enni
1082 2786 1252 2825 commore-

148 2860 199 2909 tus
220 2861 275 2909 est.
316 2862 389 2911 tunc
409 2853 491 2909 enim
509 2846 674 2923 τελέσας
638 2873 694 2930 την
708 2848 816 2933 εορτήν
833 2873 887 2913 sos
904 2845 1007 2933 πάσχα
1022 2850 1161 2932 isicem
1174 2846 1252 2915 sord

151 2936 310 3018 Περσίδος.
351 2933 533 3013 Theophan.
526 2957 580 3014 ..p
597 2936 671 2998 253·

235 3022 308 3085 110.
350 3022 548 3099 Du-Caugius
569 3018 653 3099 Gpol.
676 3018 786 3079 Cirrist.
803 3017 864 3077 lib.
873 3018 895 3083 4
911 3040 938 3077 c.
956 3021 995 3082 13
1014 3020 1127 3099 pelatia
1141 3018 1252 3081 subur-

149 3106 228 3165 bana
245 3109 462 3185 imperatorum
483 3124 656 3179 recensens,
682 3105 828 3185 palatium
848 3101 1046 3163 Chalcedonis
1060 3116 1090 3163 et
1102 3104 1251 3165 suburba-

150 3210 226 3249 num
246 3190 444 3251 Chalcedonis
462 3193 608 3249 nominat.
651 3191 808 3249 Heraclius
823 3192 856 3248 in
870 3190 1075 3249 suburbanum
1095 3194 1253 3267 concessit,

151 3279 235 3334 cuius
252 3274 482 3357 descriptionem
494 3276 580 3335 nobis
594 3275 716 3356 reliquit
728 3277 914 3335 Sosomenus
927 3275 980 3333 lib.
995 3278 1017 3341 8
1030 3296 1058 3334 c.
1071 3277 1123 3339 17.
1161 3288 1252 3357 etqua

150 3359 184 3419 id
205 3362 296 3438 plane
316 3374 361 3422 est
385 3361 607 3437 suburbanum,
634 3358 716 3442 quod
735 3364 839 3440 paucis
863 3358 974 3419 abhinc
996 3362 1083 3419 annis
1105 3362 1251 3422 Sarbams

150 3446 265 3504 Persici
289 3451 436 3505 exercitus
460 3444 524 3505 dux
548 3449 638 3505 armis
660 3457 690 3505 et
708 3450 780 3525 igne
801 3456 988 3505 vastaverat.
1009 3465 1083 3505 narn
1104 3445 1252 3506 chronico

150 3528 359 3591 Alexandrino
389 3541 464 3591 teste
483 3554 521 3610 p.
542 3535 622 3607 896,
661 3552 730 3591 curu
751 3529 973 3591 Chalcedonam
992 3532 1045 3590 ille
1069 3535 1252 3606 accessisset,

150 3611 302 3677 πάντατὰ
319 3635 483 3695 προασταα
503 3616 553 3681 sal
574 3614 647 3693 rode
666 3612 843 3698 εὐκτηρίοας
861 3616 965 3690 oleove
985 3615 1129 3675 incendit·
1173 3625 1254 3675 certe

151 3704 304 3763 Heraeum
323 3704 485 3781 palatium,
508 3702 590 3782 quod
609 3714 671 3763 erat
690 3713 774 3763 tram
796 3703 908 3763 fretum
930 3701 1159 3761 celeberrimum
1179 3700 1255 3758 sub-

151 3786 318 3862 urbanum,
340 3785 390 3847 hic
409 3808 470 3847 non
490 3786 628 3867 designat
647 3787 751 3847 Pisida
759 3791 845 3870 ,qui
862 3788 899 3847 ds
916 3786 1033 3867 Esped
1058 3787 1160 3851 1157
1181 3783 1255 3845 dicit

151 3873 342 3949 Heraclium,
382 3892 452 3933 cum
477 3892 639 3935 conscensa
667 3876 741 3935 navi
761 3877 796 3933 iu
818 3872 976 3979 Persidem
992 3874 1066 3948 iret,
1102 3873 1258 3931 Heraeum

151 3962 439 4037 praeternavigasse.

238 4044 311 4109 112.
354 4045 491 4122 respicit,
511 4046 632 4123 opinor,
655 4044 697 4105 ad
712 4045 792 4107 fests
809 4043 981 4117 Brumalia,
1014 4060 1090 4121 quse
1111 4036 1255 4099 kalendis

152 4130 299 4187 Ianuariis
319 4129 503 4207 incipiebant
525 4142 554 4189 et
573 4151 683 4209 magua
702 4150 773 4190 cum
793 4130 982 4189 solemnitate
996 4126 1221 4185 celebrabantur
1233 4146 1252 4183 a

152 4214 268 4275 «ivibus
289 4224 319 4275 et
339 4215 586 4295 imperatoribus:
609 4219 720 4277 etenim
738 4237 794 4296 per
808 4235 860 4275 eos
875 4212 939 4273 dies
953 4222 1037 4271 erant
1050 4210 1115 4269 ludi
1129 4213 1252 4273 Circen-

153 4317 217 4376 ses,
241 4302 378 4362 convivia
393 4311 423 4360 et
437 4302 612 4379 largitiones
624 4303 775 4380 publicae.
817 4296 930 4361 videsis
942 4298 1159 4381 liu-(langiarii
1171 4298 1250 4359 hes.
