<?xml version="1.0" encoding="UTF-8"?>
<!DOCTYPE html PUBLIC "-//W3C//DTD XHTML 1.0 Transitional//EN"
    "http://www.w3.org/TR/xhtml1/DTD/xhtml1-transitional.dtd">
<html xmlns="http://www.w3.org/1999/xhtml" xml:lang="en" lang="en">
 <head>
  <title>
</title>
<meta http-equiv="Content-Type" content="text/html;charset=utf-8" />
  <meta name='ocr-system' content='tesseract 3.04.00' />
  <meta name='ocr-capabilities' content='ocr_page ocr_carea ocr_par ocr_line ocrx_word'/>
</head>
<body>
  <div class='ocr_page' id='page_1' title='image "./corpusscriptoru19theogoog/corpusscriptoru19theogoog_0012.png"; bbox 0 0 3017 4817; ppageno 0'>
   <div class='ocr_carea' id='block_1_1' title="bbox 188 277 1168 363">
    <p class='ocr_par' dir='ltr' id='par_1_1' title="bbox 188 277 1168 363">
     <span class='ocr_line' id='line_1_1' title="bbox 188 277 1168 363; baseline -0.003 -1"><span class='ocrx_word' id='word_1_1' title='bbox 188 312 226 362; x_wconf 81' lang='lat' dir='ltr'><strong>rs</strong></span> <span class='ocrx_word' id='word_1_2' title='bbox 282 277 284 280; x_wconf 33' lang='lat'>⁵</span> <span class='ocrx_word' id='word_1_3' title='bbox 314 288 471 360; x_wconf 74' lang='lat' dir='ltr'><strong>caron</strong></span> <span class='ocrx_word' id='word_1_4' title='bbox 493 290 556 363; x_wconf 72' lang='grc' dir='ltr'><strong>ΒΗ</strong></span> <span class='ocrx_word' id='word_1_5' title='bbox 576 288 740 361; x_wconf 74' lang='lat' dir='ltr'>FRFSNE</span> <span class='ocrx_word' id='word_1_6' title='bbox 763 290 1007 363; x_wconf 69' lang='lat' dir='ltr'><strong>normulis</strong></span> <span class='ocrx_word' id='word_1_7' title='bbox 1032 292 1168 363; x_wconf 82' lang='lat' dir='ltr'><strong>GlNGE</strong></span> 
     </span>
    </p>
   </div>
   <div class='ocr_carea' id='block_1_2' title="bbox 100 456 1294 1262">
    <p class='ocr_par' dir='ltr' id='par_1_2' title="bbox 100 456 1294 1262">
     <span class='ocr_line' id='line_1_2' title="bbox 188 456 1292 541; baseline 0.001 -21"><span class='ocrx_word' id='word_1_8' title='bbox 188 468 221 520; x_wconf 87' lang='lat' dir='ltr'><strong>et</strong></span> <span class='ocrx_word' id='word_1_9' title='bbox 233 458 297 520; x_wconf 88' lang='lat' dir='ltr'><strong>suis</strong></span> <span class='ocrx_word' id='word_1_10' title='bbox 308 456 348 519; x_wconf 91' lang='lat' dir='ltr'><strong>ad</strong></span> <span class='ocrx_word' id='word_1_11' title='bbox 359 456 524 519; x_wconf 85' lang='lat' dir='ltr'><strong>Historiam</strong></span> <span class='ocrx_word' id='word_1_12' title='bbox 538 460 708 541; x_wconf 79' lang='lat' dir='ltr'><strong>Augustam</strong></span> <span class='ocrx_word' id='word_1_13' title='bbox 723 458 803 521; x_wconf 86' lang='lat' dir='ltr'><strong>uotis</strong></span> <span class='ocrx_word' id='word_1_14' title='bbox 821 457 1037 541; x_wconf 69' lang='lat' dir='ltr'><strong>publicaverat.</strong></span> <span class='ocrx_word' id='word_1_15' title='bbox 1080 467 1112 519; x_wconf 88' lang='lat' dir='ltr'><strong>et</strong></span> <span class='ocrx_word' id='word_1_16' title='bbox 1128 479 1204 520; x_wconf 87' lang='lat' dir='ltr'><strong>sane</strong></span> <span class='ocrx_word' id='word_1_17' title='bbox 1219 460 1292 521; x_wconf 91' lang='lat' dir='ltr'><strong>licet</strong></span> 
     </span>
     <span class='ocr_line' id='line_1_3' title="bbox 188 576 1292 662; baseline 0.003 -23"><span class='ocrx_word' id='word_1_18' title='bbox 188 590 302 662; x_wconf 87' lang='lat' dir='ltr'><strong>quanta</strong></span> <span class='ocrx_word' id='word_1_19' title='bbox 323 580 416 639; x_wconf 83' lang='lat' dir='ltr'><strong>fuerit</strong></span> <span class='ocrx_word' id='word_1_20' title='bbox 435 579 525 639; x_wconf 81' lang='lat' dir='ltr'><strong>Pauli</strong></span> <span class='ocrx_word' id='word_1_21' title='bbox 541 579 707 639; x_wconf 80' lang='lat' dir='ltr'><strong>Silentimii</strong></span> <span class='ocrx_word' id='word_1_22' title='bbox 719 579 753 638; x_wconf 81' lang='lat' dir='ltr'><strong>ia</strong></span> <span class='ocrx_word' id='word_1_23' title='bbox 767 585 806 641; x_wconf 64' lang='lat' dir='ltr'><strong>cd</strong></span> <span class='ocrx_word' id='word_1_24' title='bbox 818 576 968 639; x_wconf 89' lang='lat' dir='ltr'><strong>scribendi</strong></span> <span class='ocrx_word' id='word_1_25' title='bbox 987 598 1096 659; x_wconf 84' lang='lat' dir='ltr'><strong>genere</strong></span> <span class='ocrx_word' id='word_1_26' title='bbox 1109 580 1237 641; x_wconf 75' lang='lat' dir='ltr'><strong>facultas</strong></span> <span class='ocrx_word' id='word_1_27' title='bbox 1250 600 1292 642; x_wconf 83' lang='lat' dir='ltr'><strong>ex</strong></span> 
     </span>
     <span class='ocr_line' id='line_1_4' title="bbox 128 694 1294 781; baseline -0.001 -21"><span class='ocrx_word' id='word_1_28' title='bbox 128 694 133 704; x_wconf 83' lang='grc'><strong>’</strong></span> <span class='ocrx_word' id='word_1_29' title='bbox 187 700 273 775; x_wconf 88' lang='lat' dir='ltr'><strong>aliis,</strong></span> <span class='ocrx_word' id='word_1_30' title='bbox 295 718 373 781; x_wconf 87' lang='lat' dir='ltr'><strong>quae</strong></span> <span class='ocrx_word' id='word_1_31' title='bbox 394 700 458 757; x_wconf 86' lang='lat' dir='ltr'><strong>iam</strong></span> <span class='ocrx_word' id='word_1_32' title='bbox 476 698 578 759; x_wconf 87' lang='lat' dir='ltr'><strong>lucem</strong></span> <span class='ocrx_word' id='word_1_33' title='bbox 595 695 812 779; x_wconf 67' lang='lat' dir='ltr'><strong>adspexerat,</strong></span> <span class='ocrx_word' id='word_1_34' title='bbox 833 699 986 780; x_wconf 89' lang='lat' dir='ltr'><strong>opusculis</strong></span> <span class='ocrx_word' id='word_1_35' title='bbox 999 698 1068 779; x_wconf 88' lang='lat' dir='ltr'><strong>plus</strong></span> <span class='ocrx_word' id='word_1_36' title='bbox 1082 702 1294 778; x_wconf 76' lang='lat' dir='ltr'><strong>satiseoustet„</strong></span> 
     </span>
     <span class='ocr_line' id='line_1_5' title="bbox 190 816 1292 900; baseline -0.001 -20"><span class='ocrx_word' id='word_1_37' title='bbox 190 828 258 880; x_wconf 84' lang='lat' dir='ltr'><strong>tum</strong></span> <span class='ocrx_word' id='word_1_38' title='bbox 280 817 359 877; x_wconf 89' lang='lat' dir='ltr'><strong>illud</strong></span> <span class='ocrx_word' id='word_1_39' title='bbox 379 818 558 899; x_wconf 87' lang='lat' dir='ltr'><strong>praesertim</strong></span> <span class='ocrx_word' id='word_1_40' title='bbox 578 816 661 899; x_wconf 80' lang='lat' dir='ltr'><strong>quod</strong></span> <span class='ocrx_word' id='word_1_41' title='bbox 682 816 786 897; x_wconf 85' lang='lat' dir='ltr'><strong>Regiis</strong></span> <span class='ocrx_word' id='word_1_42' title='bbox 811 836 894 879; x_wconf 87' lang='lat' dir='ltr'><strong>nnnc</strong></span> <span class='ocrx_word' id='word_1_43' title='bbox 916 819 998 900; x_wconf 75' lang='lat' dir='ltr'><strong>typis</strong></span> <span class='ocrx_word' id='word_1_44' title='bbox 1017 838 1164 879; x_wconf 81' lang='lat' dir='ltr'><strong>excusum</strong></span> <span class='ocrx_word' id='word_1_45' title='bbox 1180 818 1292 900; x_wconf 80' lang='lat' dir='ltr'>prodit,</span> 
     </span>
     <span class='ocr_line' id='line_1_6' title="bbox 189 934 1294 1021; baseline 0 -23"><span class='ocrx_word' id='word_1_46' title='bbox 189 940 384 1021; x_wconf 89' lang='lat' dir='ltr'><strong>praecipuam</strong></span> <span class='ocrx_word' id='word_1_47' title='bbox 405 938 517 998; x_wconf 87' lang='lat' dir='ltr'><strong>mereri</strong></span> <span class='ocrx_word' id='word_1_48' title='bbox 535 935 659 997; x_wconf 83' lang='lat' dir='ltr'><strong>landem</strong></span> <span class='ocrx_word' id='word_1_49' title='bbox 677 934 800 998; x_wconf 79' lang='lat' dir='ltr'><strong>videtur</strong></span> <span class='ocrx_word' id='word_1_50' title='bbox 817 954 854 997; x_wconf 88' lang='lat' dir='ltr'><strong>ac</strong></span> <span class='ocrx_word' id='word_1_51' title='bbox 873 937 1182 1017; x_wconf 75' lang='lat' dir='ltr'><strong>commendationem,</strong></span> <span class='ocrx_word' id='word_1_52' title='bbox 1210 937 1294 1021; x_wconf 90' lang='lat' dir='ltr'><strong>quod</strong></span> 
     </span>
     <span class='ocr_line' id='line_1_7' title="bbox 100 1057 1294 1141; baseline 0.001 -23"><span class='ocrx_word' id='word_1_53' title='bbox 100 1133 104 1139; x_wconf 18' lang='lat'>⁴</span> <span class='ocrx_word' id='word_1_54' title='bbox 191 1068 311 1139; x_wconf 89' lang='lat' dir='ltr'><strong>praeter</strong></span> <span class='ocrx_word' id='word_1_55' title='bbox 328 1057 495 1118; x_wconf 86' lang='lat' dir='ltr'><strong>carminum</strong></span> <span class='ocrx_word' id='word_1_56' title='bbox 511 1058 694 1139; x_wconf 82' lang='lat' dir='ltr'><strong>elegantiam</strong></span> <span class='ocrx_word' id='word_1_57' title='bbox 710 1066 881 1119; x_wconf 84' lang='lat' dir='ltr'><strong>accuratam</strong></span> <span class='ocrx_word' id='word_1_58' title='bbox 891 1059 1104 1139; x_wconf 84' lang='lat' dir='ltr'><strong>Augustissimi</strong></span> <span class='ocrx_word' id='word_1_59' title='bbox 1117 1060 1226 1141; x_wconf 88' lang='lat' dir='ltr'><strong>templi</strong></span> <span class='ocrx_word' id='word_1_60' title='bbox 1238 1058 1294 1119; x_wconf 88' lang='lat' dir='ltr'><strong>de-</strong></span> 
     </span>
     <span class='ocr_line' id='line_1_8' title="bbox 191 1175 1294 1262; baseline 0 -22"><span class='ocrx_word' id='word_1_61' title='bbox 191 1178 385 1259; x_wconf 77' lang='lat' dir='ltr'><strong>scriptionem</strong></span> <span class='ocrx_word' id='word_1_62' title='bbox 406 1180 523 1262; x_wconf 76' lang='lat' dir='ltr'><strong>vixque</strong></span> <span class='ocrx_word' id='word_1_63' title='bbox 544 1178 757 1240; x_wconf 72' lang='lat' dir='ltr'><strong>oculatior-rbus</strong></span> <span class='ocrx_word' id='word_1_64' title='bbox 775 1175 921 1240; x_wconf 82' lang='lat' dir='ltr'><strong>hactenus</strong></span> <span class='ocrx_word' id='word_1_65' title='bbox 939 1180 1124 1239; x_wconf 82' lang='lat' dir='ltr'><strong>intellectam</strong></span> <span class='ocrx_word' id='word_1_66' title='bbox 1139 1180 1227 1241; x_wconf 86' lang='lat' dir='ltr'><strong>nobis</strong></span> <span class='ocrx_word' id='word_1_67' title='bbox 1243 1202 1294 1240; x_wconf 86' lang='lat' dir='ltr'><strong>re-</strong></span> 
     </span>
    </p>
   </div>
   <div class='ocr_carea' id='block_1_3' title="bbox 192 1293 1421 1381">
    <p class='ocr_par' dir='ltr' id='par_1_3' title="bbox 192 1293 1421 1381">
     <span class='ocr_line' id='line_1_9' title="bbox 192 1293 1421 1381; baseline 0 -23"><span class='ocrx_word' id='word_1_68' title='bbox 192 1293 424 1381; x_wconf 68' lang='lat' dir='ltr'><strong>praesentet*)</strong></span> <span class='ocrx_word' id='word_1_69' title='bbox 465 1318 540 1359; x_wconf 85' lang='lat' dir='ltr'><strong>nam</strong></span> <span class='ocrx_word' id='word_1_70' title='bbox 552 1300 849 1381; x_wconf 86' lang='lat' dir='ltr'><strong>commentariiquos</strong></span> <span class='ocrx_word' id='word_1_71' title='bbox 864 1300 932 1359; x_wconf 81' lang='lat' dir='ltr'><strong>aeri</strong></span> <span class='ocrx_word' id='word_1_72' title='bbox 942 1300 1093 1359; x_wconf 83' lang='lat' dir='ltr'><strong>inferioris</strong></span> <span class='ocrx_word' id='word_1_73' title='bbox 1104 1298 1295 1359; x_wconf 79' lang='lat' dir='ltr'><strong>Graeculi&#39;de</strong></span> <span class='ocrx_word' id='word_1_74' title='bbox 1415 1342 1421 1349; x_wconf 84' lang='lat'>-</span> 
     </span>
    </p>
   </div>
   <div class='ocr_carea' id='block_1_4' title="bbox 193 1403 1297 1739">
    <p class='ocr_par' dir='ltr' id='par_1_4' title="bbox 193 1403 1297 1739">
     <span class='ocr_line' id='line_1_10' title="bbox 193 1403 1294 1499; baseline 0.003 -22"><span class='ocrx_word' id='word_1_75' title='bbox 193 1416 254 1477; x_wconf 84' lang='lat' dir='ltr'><strong>liac</strong></span> <span class='ocrx_word' id='word_1_76' title='bbox 267 1417 343 1478; x_wconf 86' lang='lat' dir='ltr'><strong>aede</strong></span> <span class='ocrx_word' id='word_1_77' title='bbox 356 1419 512 1499; x_wconf 87' lang='lat' dir='ltr'><strong>scripsere,</strong></span> <span class='ocrx_word' id='word_1_78' title='bbox 533 1403 684 1480; x_wconf 83' lang='lat' dir='ltr'><strong>sublestae</strong></span> <span class='ocrx_word' id='word_1_79' title='bbox 697 1416 774 1479; x_wconf 85' lang='lat' dir='ltr'><strong>adeo</strong></span> <span class='ocrx_word' id='word_1_80' title='bbox 789 1429 859 1479; x_wconf 89' lang='lat' dir='ltr'><strong>sunt</strong></span> <span class='ocrx_word' id='word_1_81' title='bbox 872 1418 953 1496; x_wconf 85' lang='lat' dir='ltr'><strong>fidei,</strong></span> <span class='ocrx_word' id='word_1_82' title='bbox 972 1418 1117 1499; x_wconf 90' lang='lat' dir='ltr'><strong>nulloque</strong></span> <span class='ocrx_word' id='word_1_83' title='bbox 1130 1438 1192 1479; x_wconf 91' lang='lat' dir='ltr'><strong>non</strong></span> <span class='ocrx_word' id='word_1_84' title='bbox 1203 1416 1294 1480; x_wconf 85' lang='lat' dir='ltr'><strong>modo</strong></span> 
     </span>
     <span class='ocr_line' id='line_1_11' title="bbox 193 1533 1296 1633; baseline 0 -36"><span class='ocrx_word' id='word_1_85' title='bbox 193 1534 304 1617; x_wconf 88' lang='lat' dir='ltr'><strong>digesti</strong></span> <span class='ocrx_word' id='word_1_86' title='bbox 315 1536 431 1615; x_wconf 88' lang='lat' dir='ltr'><strong>ordine,</strong></span> <span class='ocrx_word' id='word_1_87' title='bbox 452 1533 508 1597; x_wconf 91' lang='lat' dir='ltr'><strong>sed</strong></span> <span class='ocrx_word' id='word_1_88' title='bbox 522 1537 615 1597; x_wconf 80' lang='lat' dir='ltr'><strong>etiam</strong></span> <span class='ocrx_word' id='word_1_89' title='bbox 627 1538 783 1599; x_wconf 82' lang='lat' dir='ltr'><strong>vocabulis</strong></span> <span class='ocrx_word' id='word_1_90' title='bbox 799 1538 938 1599; x_wconf 80' lang='lat' dir='ltr'><strong>barbaris.</strong></span> <span class='ocrx_word' id='word_1_91' title='bbox 949 1534 1093 1619; x_wconf 77' lang='lat' dir='ltr'><strong>adspersi,</strong></span> <span class='ocrx_word' id='word_1_92' title='bbox 1109 1548 1142 1633; x_wconf 84' lang='lat' dir='ltr'><strong>ut</strong></span> <span class='ocrx_word' id='word_1_93' title='bbox 1154 1534 1296 1597; x_wconf 79' lang='lat' dir='ltr'><strong>divinan-</strong></span> 
     </span>
     <span class='ocr_line' id='line_1_12' title="bbox 193 1654 1297 1739; baseline -0.001 -21"><span class='ocrx_word' id='word_1_94' title='bbox 193 1654 252 1718; x_wconf 84' lang='lat' dir='ltr'><strong>dae</strong></span> <span class='ocrx_word' id='word_1_95' title='bbox 266 1660 310 1717; x_wconf 90' lang='lat' dir='ltr'><strong>rei</strong></span> <span class='ocrx_word' id='word_1_96' title='bbox 323 1658 529 1739; x_wconf 86' lang='lat' dir='ltr'><strong>potiusquam</strong></span> <span class='ocrx_word' id='word_1_97' title='bbox 537 1655 749 1738; x_wconf 74' lang='lat' dir='ltr'><strong>percipiendae</strong></span> <span class='ocrx_word' id='word_1_98' title='bbox 764 1658 866 1718; x_wconf 87' lang='lat' dir='ltr'><strong>locum</strong></span> <span class='ocrx_word' id='word_1_99' title='bbox 878 1657 1051 1739; x_wconf 89' lang='lat' dir='ltr'><strong>praebeant.</strong></span> <span class='ocrx_word' id='word_1_100' title='bbox 1095 1655 1174 1717; x_wconf 89' lang='lat' dir='ltr'><strong>uude</strong></span> <span class='ocrx_word' id='word_1_101' title='bbox 1185 1659 1297 1717; x_wconf 82' lang='lat' dir='ltr'><strong>minuo</strong></span> 
     </span>
    </p>
   </div>
   <div class='ocr_carea' id='block_1_5' title="bbox 192 1773 1306 3284">
    <p class='ocr_par' dir='ltr' id='par_1_5' title="bbox 192 1773 1306 3284">
     <span class='ocr_line' id='line_1_13' title="bbox 192 1773 1298 1860; baseline -0.003 -21"><span class='ocrx_word' id='word_1_102' title='bbox 192 1774 291 1839; x_wconf 83' lang='lat' dir='ltr'><strong>rideri</strong></span> <span class='ocrx_word' id='word_1_103' title='bbox 314 1797 376 1839; x_wconf 86' lang='lat' dir='ltr'><strong>non</strong></span> <span class='ocrx_word' id='word_1_104' title='bbox 401 1775 508 1855; x_wconf 85' lang='lat' dir='ltr'><strong>debet,</strong></span> <span class='ocrx_word' id='word_1_105' title='bbox 529 1776 628 1860; x_wconf 80' lang='lat' dir='ltr'><strong>siqui</strong></span> <span class='ocrx_word' id='word_1_106' title='bbox 646 1774 684 1837; x_wconf 89' lang='lat' dir='ltr'><strong>de</strong></span> <span class='ocrx_word' id='word_1_107' title='bbox 706 1778 892 1837; x_wconf 81' lang='lat' dir='ltr'><strong>Graecorum</strong></span> <span class='ocrx_word' id='word_1_108' title='bbox 910 1778 1033 1855; x_wconf 90' lang='lat' dir='ltr'><strong>templis</strong></span> <span class='ocrx_word' id='word_1_109' title='bbox 1055 1785 1145 1857; x_wconf 87' lang='lat' dir='ltr'><strong>atque</strong></span> <span class='ocrx_word' id='word_1_110' title='bbox 1163 1773 1241 1836; x_wconf 87' lang='lat' dir='ltr'><strong>adeo</strong></span> <span class='ocrx_word' id='word_1_111' title='bbox 1258 1773 1298 1836; x_wconf 87' lang='lat' dir='ltr'><strong>de</strong></span> 
     </span>
     <span class='ocr_line' id='line_1_14' title="bbox 193 1875 1298 1978; baseline -0.005 -19"><span class='ocrx_word' id='word_1_112' title='bbox 193 1894 349 1977; x_wconf 80' lang='lat' dir='ltr'><strong>Sophiano</strong></span> <span class='ocrx_word' id='word_1_113' title='bbox 373 1875 538 1978; x_wconf 83' lang='lat' dir='ltr'><strong>eorumque</strong></span> <span class='ocrx_word' id='word_1_114' title='bbox 559 1897 695 1976; x_wconf 85' lang='lat' dir='ltr'><strong>partibus</strong></span> <span class='ocrx_word' id='word_1_115' title='bbox 718 1896 882 1977; x_wconf 88' lang='lat' dir='ltr'><strong>scripsere,</strong></span> <span class='ocrx_word' id='word_1_116' title='bbox 910 1904 1028 1955; x_wconf 86' lang='lat' dir='ltr'><strong>tautum</strong></span> <span class='ocrx_word' id='word_1_117' title='bbox 1052 1896 1134 1953; x_wconf 89' lang='lat' dir='ltr'><strong>iuter</strong></span> <span class='ocrx_word' id='word_1_118' title='bbox 1150 1912 1187 1955; x_wconf 79' lang='lat' dir='ltr'><strong>so</strong></span> <span class='ocrx_word' id='word_1_119' title='bbox 1206 1892 1298 1954; x_wconf 88' lang='lat' dir='ltr'><strong>dissi-</strong></span> 
     </span>
     <span class='ocr_line' id='line_1_15' title="bbox 194 2000 1300 2094; baseline -0.003 -19"><span class='ocrx_word' id='word_1_120' title='bbox 194 2010 286 2075; x_wconf 88' lang='lat' dir='ltr'><strong>deant</strong></span> <span class='ocrx_word' id='word_1_121' title='bbox 301 2016 353 2077; x_wconf 88' lang='lat' dir='ltr'><strong>rel</strong></span> <span class='ocrx_word' id='word_1_122' title='bbox 367 2025 447 2075; x_wconf 88' lang='lat' dir='ltr'><strong>certe</strong></span> <span class='ocrx_word' id='word_1_123' title='bbox 466 2000 591 2077; x_wconf 82' lang='lat' dir='ltr'><strong>omnino</strong></span> <span class='ocrx_word' id='word_1_124' title='bbox 607 2034 670 2075; x_wconf 87' lang='lat' dir='ltr'><strong>non</strong></span> <span class='ocrx_word' id='word_1_125' title='bbox 686 2014 883 2094; x_wconf 80' lang='lat' dir='ltr'><strong>conveniant,</strong></span> <span class='ocrx_word' id='word_1_126' title='bbox 904 2034 974 2075; x_wconf 91' lang='lat' dir='ltr'><strong>cum</strong></span> <span class='ocrx_word' id='word_1_127' title='bbox 990 2034 1052 2074; x_wconf 89' lang='lat' dir='ltr'><strong>non</strong></span> <span class='ocrx_word' id='word_1_128' title='bbox 1069 2034 1117 2073; x_wconf 87' lang='lat' dir='ltr'><strong>res</strong></span> <span class='ocrx_word' id='word_1_129' title='bbox 1132 2013 1231 2073; x_wconf 86' lang='lat' dir='ltr'><strong>solum</strong></span> <span class='ocrx_word' id='word_1_130' title='bbox 1245 2010 1300 2073; x_wconf 88' lang='lat' dir='ltr'><strong>sed</strong></span> 
     </span>
     <span class='ocr_line' id='line_1_16' title="bbox 193 2132 1300 2216; baseline -0.005 -19"><span class='ocrx_word' id='word_1_131' title='bbox 193 2155 234 2197; x_wconf 85' lang='lat' dir='ltr'><strong>ne</strong></span> <span class='ocrx_word' id='word_1_132' title='bbox 247 2137 306 2197; x_wconf 81' lang='lat' dir='ltr'><strong>rix</strong></span> <span class='ocrx_word' id='word_1_133' title='bbox 316 2135 410 2197; x_wconf 85' lang='lat' dir='ltr'><strong>rerba</strong></span> <span class='ocrx_word' id='word_1_134' title='bbox 423 2132 548 2216; x_wconf 83' lang='lat' dir='ltr'><strong>quidem</strong></span> <span class='ocrx_word' id='word_1_135' title='bbox 560 2134 627 2215; x_wconf 90' lang='lat' dir='ltr'><strong>ipsa</strong></span> <span class='ocrx_word' id='word_1_136' title='bbox 642 2133 822 2215; x_wconf 84' lang='lat' dir='ltr'><strong>percipiant.</strong></span> <span class='ocrx_word' id='word_1_137' title='bbox 864 2132 920 2195; x_wconf 86' lang='lat' dir='ltr'><strong>sed</strong></span> <span class='ocrx_word' id='word_1_138' title='bbox 933 2153 1003 2194; x_wconf 88' lang='lat' dir='ltr'><strong>ecce</strong></span> <span class='ocrx_word' id='word_1_139' title='bbox 1015 2135 1107 2194; x_wconf 84' lang='lat' dir='ltr'><strong>tantis</strong></span> <span class='ocrx_word' id='word_1_140' title='bbox 1121 2134 1157 2191; x_wconf 89' lang='lat' dir='ltr'><strong>in</strong></span> <span class='ocrx_word' id='word_1_141' title='bbox 1168 2132 1300 2193; x_wconf 86' lang='lat' dir='ltr'><strong>tenebris</strong></span> 
     </span>
     <span class='ocr_line' id='line_1_17' title="bbox 193 2248 1306 2337; baseline -0.007 -20"><span class='ocrx_word' id='word_1_142' title='bbox 193 2258 296 2317; x_wconf 83' lang='lat' dir='ltr'><strong>facem</strong></span> <span class='ocrx_word' id='word_1_143' title='bbox 312 2256 441 2337; x_wconf 83' lang='lat' dir='ltr'><strong>porrigit</strong></span> <span class='ocrx_word' id='word_1_144' title='bbox 462 2255 578 2315; x_wconf 88' lang='lat' dir='ltr'><strong>Paulus</strong></span> <span class='ocrx_word' id='word_1_145' title='bbox 597 2254 806 2328; x_wconf 69' lang='lat' dir='ltr'><strong>silentiarius,</strong></span> <span class='ocrx_word' id='word_1_146' title='bbox 830 2254 948 2312; x_wconf 85' lang='lat' dir='ltr'><strong>utinam</strong></span> <span class='ocrx_word' id='word_1_147' title='bbox 969 2262 1015 2314; x_wconf 89' lang='lat' dir='ltr'><strong>tot</strong></span> <span class='ocrx_word' id='word_1_148' title='bbox 1033 2251 1151 2313; x_wconf 85' lang='lat' dir='ltr'><strong>lacunis</strong></span> <span class='ocrx_word' id='word_1_149' title='bbox 1165 2270 1228 2311; x_wconf 90' lang='lat' dir='ltr'><strong>non</strong></span> <span class='ocrx_word' id='word_1_150' title='bbox 1245 2248 1306 2309; x_wconf 82' lang='lat' dir='ltr'><strong>de·</strong></span> 
     </span>
     <span class='ocr_line' id='line_1_18' title="bbox 195 2368 1301 2455; baseline -0.005 -21"><span class='ocrx_word' id='word_1_151' title='bbox 195 2384 350 2455; x_wconf 81' lang='lat' dir='ltr'><strong>turpatrrs3</strong></span> <span class='ocrx_word' id='word_1_152' title='bbox 373 2375 458 2433; x_wconf 88' lang='lat' dir='ltr'><strong>cuias</strong></span> <span class='ocrx_word' id='word_1_153' title='bbox 473 2381 558 2433; x_wconf 85' lang='lat' dir='ltr'><strong>tanto</strong></span> <span class='ocrx_word' id='word_1_154' title='bbox 571 2372 670 2430; x_wconf 87' lang='lat' dir='ltr'><strong>maior</strong></span> <span class='ocrx_word' id='word_1_155' title='bbox 684 2369 942 2452; x_wconf 75' lang='lat' dir='ltr'><strong>praestantiorque</strong></span> <span class='ocrx_word' id='word_1_156' title='bbox 956 2369 1054 2429; x_wconf 85' lang='lat' dir='ltr'><strong>rideri</strong></span> <span class='ocrx_word' id='word_1_157' title='bbox 1068 2368 1157 2428; x_wconf 85' lang='lat' dir='ltr'><strong>debet</strong></span> <span class='ocrx_word' id='word_1_158' title='bbox 1170 2368 1301 2430; x_wconf 87' lang='lat' dir='ltr'><strong>auctori-</strong></span> 
     </span>
     <span class='ocr_line' id='line_1_19' title="bbox 195 2486 1302 2575; baseline -0.008 -20"><span class='ocrx_word' id='word_1_159' title='bbox 195 2504 259 2571; x_wconf 82' lang='lat' dir='ltr'><strong>tas,</strong></span> <span class='ocrx_word' id='word_1_160' title='bbox 281 2513 342 2575; x_wconf 87' lang='lat' dir='ltr'><strong>quo</strong></span> <span class='ocrx_word' id='word_1_161' title='bbox 367 2491 542 2551; x_wconf 78' lang='lat' dir='ltr'><strong>accuratiori</strong></span> <span class='ocrx_word' id='word_1_162' title='bbox 566 2488 686 2549; x_wconf 86' lang='lat' dir='ltr'><strong>calamo</strong></span> <span class='ocrx_word' id='word_1_163' title='bbox 705 2488 880 2547; x_wconf 79' lang='lat' dir='ltr'><strong>universam</strong></span> <span class='ocrx_word' id='word_1_164' title='bbox 896 2486 1083 2546; x_wconf 83' lang='lat' dir='ltr'><strong>celeberrimi</strong></span> <span class='ocrx_word' id='word_1_165' title='bbox 1096 2488 1202 2568; x_wconf 86' lang='lat' dir='ltr'><strong>templi</strong></span> <span class='ocrx_word' id='word_1_166' title='bbox 1215 2508 1234 2545; x_wconf 92' lang='lat' dir='ltr'><strong>a</strong></span> <span class='ocrx_word' id='word_1_167' title='bbox 1247 2489 1302 2546; x_wconf 88' lang='lat' dir='ltr'><strong>Iu-</strong></span> 
     </span>
     <span class='ocr_line' id='line_1_20' title="bbox 197 2602 1303 2691; baseline -0.008 -16"><span class='ocrx_word' id='word_1_168' title='bbox 197 2615 329 2675; x_wconf 85' lang='lat' dir='ltr'><strong>stiniano</strong></span> <span class='ocrx_word' id='word_1_169' title='bbox 343 2633 399 2672; x_wconf 87' lang='lat' dir='ltr'><strong>sua</strong></span> <span class='ocrx_word' id='word_1_170' title='bbox 409 2618 588 2691; x_wconf 83' lang='lat' dir='ltr'><strong>tempestate</strong></span> <span class='ocrx_word' id='word_1_171' title='bbox 600 2608 726 2668; x_wconf 83' lang='lat' dir='ltr'><strong>excitati</strong></span> <span class='ocrx_word' id='word_1_172' title='bbox 737 2615 917 2667; x_wconf 84' lang='lat' dir='ltr'><strong>structuram</strong></span> <span class='ocrx_word' id='word_1_173' title='bbox 928 2602 1078 2666; x_wconf 84' lang='lat' dir='ltr'><strong>describit.</strong></span> <span class='ocrx_word' id='word_1_174' title='bbox 1108 2604 1208 2666; x_wconf 74' lang='lat' dir='ltr'><strong>fleuit</strong></span> <span class='ocrx_word' id='word_1_175' title='bbox 1220 2607 1303 2667; x_wconf 87' lang='lat' dir='ltr'><strong>euim</strong></span> 
     </span>
     <span class='ocr_line' id='line_1_21' title="bbox 200 2710 1302 2815; baseline -0.009 -20"><span class='ocrx_word' id='word_1_176' title='bbox 200 2754 237 2796; x_wconf 86' lang='lat' dir='ltr'><strong>ec</strong></span> <span class='ocrx_word' id='word_1_177' title='bbox 260 2736 428 2815; x_wconf 87' lang='lat' dir='ltr'><strong>imperante</strong></span> <span class='ocrx_word' id='word_1_178' title='bbox 448 2749 511 2790; x_wconf 91' lang='lat' dir='ltr'><strong>non</strong></span> <span class='ocrx_word' id='word_1_179' title='bbox 530 2730 650 2811; x_wconf 70' lang='lat' dir='ltr'><strong>poetica</strong></span> <span class='ocrx_word' id='word_1_180' title='bbox 669 2726 817 2789; x_wconf 83' lang='lat' dir='ltr'><strong>duntaxat</strong></span> <span class='ocrx_word' id='word_1_181' title='bbox 837 2737 867 2787; x_wconf 89' lang='lat' dir='ltr'><strong>et</strong></span> <span class='ocrx_word' id='word_1_182' title='bbox 887 2727 1015 2787; x_wconf 83' lang='lat' dir='ltr'><strong>oratoria</strong></span> <span class='ocrx_word' id='word_1_183' title='bbox 1028 2722 1121 2785; x_wconf 86' lang='lat' dir='ltr'><strong>laude</strong></span> <span class='ocrx_word' id='word_1_184' title='bbox 1135 2734 1233 2786; x_wconf 85' lang='lat' dir='ltr'><strong>aetate</strong></span> <span class='ocrx_word' id='word_1_185' title='bbox 1246 2710 1302 2787; x_wconf 89' lang='lat' dir='ltr'><strong>sua</strong></span> 
     </span>
     <span class='ocr_line' id='line_1_22' title="bbox 198 2842 1302 2934; baseline -0.007 -21"><span class='ocrx_word' id='word_1_186' title='bbox 198 2854 292 2934; x_wconf 85' lang='lat' dir='ltr'><strong>longe</strong></span> <span class='ocrx_word' id='word_1_187' title='bbox 308 2852 508 2930; x_wconf 85' lang='lat' dir='ltr'><strong>clarissimus,</strong></span> <span class='ocrx_word' id='word_1_188' title='bbox 528 2846 631 2910; x_wconf 85' lang='lat' dir='ltr'><strong>sedet</strong></span> <span class='ocrx_word' id='word_1_189' title='bbox 647 2846 797 2907; x_wconf 85' lang='lat' dir='ltr'><strong>natalium</strong></span> <span class='ocrx_word' id='word_1_190' title='bbox 809 2844 969 2927; x_wconf 86' lang='lat' dir='ltr'><strong>splendore</strong></span> <span class='ocrx_word' id='word_1_191' title='bbox 984 2845 1150 2929; x_wconf 82' lang='lat' dir='ltr'><strong>apibusque</strong></span> <span class='ocrx_word' id='word_1_192' title='bbox 1162 2856 1193 2905; x_wconf 91' lang='lat' dir='ltr'><strong>et</strong></span> <span class='ocrx_word' id='word_1_193' title='bbox 1203 2842 1302 2906; x_wconf 85' lang='lat' dir='ltr'><strong>horro-</strong></span> 
     </span>
     <span class='ocr_line' id='line_1_23' title="bbox 199 2962 1302 3053; baseline -0.008 -20"><span class='ocrx_word' id='word_1_194' title='bbox 199 2974 284 3034; x_wconf 86' lang='lat' dir='ltr'><strong>ribus</strong></span> <span class='ocrx_word' id='word_1_195' title='bbox 314 2973 504 3053; x_wconf 77' lang='lat' dir='ltr'><strong>couspiouus.</strong></span> <span class='ocrx_word' id='word_1_196' title='bbox 545 2969 644 3031; x_wconf 84' lang='lat' dir='ltr'><strong>Paulo</strong></span> <span class='ocrx_word' id='word_1_197' title='bbox 667 2978 826 3049; x_wconf 83' lang='lat' dir='ltr'><strong>parentem</strong></span> <span class='ocrx_word' id='word_1_198' title='bbox 850 2966 945 3026; x_wconf 77' lang='lat' dir='ltr'><strong>fuisse</strong></span> <span class='ocrx_word' id='word_1_199' title='bbox 970 2966 1084 3049; x_wconf 73' lang='lat' dir='ltr'><strong>(tyrum</strong></span> <span class='ocrx_word' id='word_1_200' title='bbox 1104 2963 1192 3027; x_wconf 90' lang='lat' dir='ltr'><strong>docet</strong></span> <span class='ocrx_word' id='word_1_201' title='bbox 1210 2962 1302 3024; x_wconf 88' lang='lat' dir='ltr'><strong>huius</strong></span> 
     </span>
     <span class='ocr_line' id='line_1_24' title="bbox 200 3082 1304 3174; baseline -0.011 -19"><span class='ocrx_word' id='word_1_202' title='bbox 200 3095 343 3155; x_wconf 87' lang='lat' dir='ltr'><strong>carminis</strong></span> <span class='ocrx_word' id='word_1_203' title='bbox 362 3093 483 3169; x_wconf 72' lang='lat' dir='ltr'><strong>timus,</strong></span> <span class='ocrx_word' id='word_1_204' title='bbox 513 3086 714 3174; x_wconf 85' lang='lat' dir='ltr'><strong>quiquidem</strong></span> <span class='ocrx_word' id='word_1_205' title='bbox 736 3106 801 3147; x_wconf 88' lang='lat' dir='ltr'><strong>non</strong></span> <span class='ocrx_word' id='word_1_206' title='bbox 818 3086 897 3146; x_wconf 88' lang='lat' dir='ltr'><strong>alius</strong></span> <span class='ocrx_word' id='word_1_207' title='bbox 914 3082 991 3145; x_wconf 87' lang='lat' dir='ltr'><strong>mihi</strong></span> <span class='ocrx_word' id='word_1_208' title='bbox 1011 3083 1129 3145; x_wconf 78' lang='lat' dir='ltr'><strong>videtur</strong></span> <span class='ocrx_word' id='word_1_209' title='bbox 1147 3083 1184 3144; x_wconf 85' lang='lat' dir='ltr'><strong>ab</strong></span> <span class='ocrx_word' id='word_1_210' title='bbox 1200 3082 1304 3166; x_wconf 88' lang='lat' dir='ltr'><strong>ecqui</strong></span> 
     </span>
     <span class='ocr_line' id='line_1_25' title="bbox 201 3200 1304 3284; baseline -0.018 -3"><span class='ocrx_word' id='word_1_211' title='bbox 201 3210 265 3281; x_wconf 70' lang='lat' dir='ltr'><strong>sind</strong></span> <span class='ocrx_word' id='word_1_212' title='bbox 279 3207 407 3279; x_wconf 74' lang='grc' dir='ltr'><strong><em>ὖπᾶτων</em></strong></span> <span class='ocrx_word' id='word_1_213' title='bbox 422 3230 478 3272; x_wconf 88' lang='lat' dir='ltr'><strong>seu</strong></span> <span class='ocrx_word' id='word_1_214' title='bbox 493 3208 601 3271; x_wconf 87' lang='lat' dir='ltr'><strong>consol</strong></span> <span class='ocrx_word' id='word_1_215' title='bbox 613 3205 794 3269; x_wconf 87' lang='lat' dir='ltr'><strong>codicillaris</strong></span> <span class='ocrx_word' id='word_1_216' title='bbox 808 3205 942 3284; x_wconf 86' lang='lat' dir='ltr'><strong>exstitit,</strong></span> <span class='ocrx_word' id='word_1_217' title='bbox 965 3205 1050 3265; x_wconf 86' lang='lat' dir='ltr'><strong>cuins</strong></span> <span class='ocrx_word' id='word_1_218' title='bbox 1066 3204 1139 3264; x_wconf 88' lang='lat' dir='ltr'><strong>bina</strong></span> <span class='ocrx_word' id='word_1_219' title='bbox 1155 3200 1304 3263; x_wconf 85' lang='lat' dir='ltr'><strong>habentur</strong></span> 
     </span>
    </p>
   </div>
   <div class='ocr_carea' id='block_1_6' title="bbox 201 3310 1417 3418">
    <p class='ocr_par' dir='ltr' id='par_1_6' title="bbox 201 3310 1417 3418">
     <span class='ocr_line' id='line_1_26' title="bbox 201 3310 1417 3418; baseline -0.012 -22"><span class='ocrx_word' id='word_1_220' title='bbox 201 3338 418 3418; x_wconf 86' lang='lat' dir='ltr'><strong>epigrammata</strong></span> <span class='ocrx_word' id='word_1_221' title='bbox 436 3333 470 3391; x_wconf 88' lang='lat' dir='ltr'><strong>in</strong></span> <span class='ocrx_word' id='word_1_222' title='bbox 488 3327 675 3410; x_wconf 83' lang='lat' dir='ltr'><strong>Antbologia</strong></span> <span class='ocrx_word' id='word_1_223' title='bbox 690 3329 743 3388; x_wconf 81' lang='lat' dir='ltr'><strong>Gr.</strong></span> <span class='ocrx_word' id='word_1_224' title='bbox 757 3322 814 3393; x_wconf 70' lang='lat' dir='ltr'><strong>bl</strong></span> <span class='ocrx_word' id='word_1_225' title='bbox 829 3346 856 3386; x_wconf 83' lang='lat' dir='ltr'><strong>c.</strong></span> <span class='ocrx_word' id='word_1_226' title='bbox 868 3330 909 3393; x_wconf 79' lang='lat'><strong>23</strong></span> <span class='ocrx_word' id='word_1_227' title='bbox 924 3334 956 3386; x_wconf 88' lang='lat' dir='ltr'><strong>et</strong></span> <span class='ocrx_word' id='word_1_228' title='bbox 967 3324 1025 3401; x_wconf 79' lang='grc'><strong>27,</strong></span> <span class='ocrx_word' id='word_1_229' title='bbox 1047 3324 1175 3384; x_wconf 82' lang='lat' dir='ltr'><strong>altemm</strong></span> <span class='ocrx_word' id='word_1_230' title='bbox 1193 3324 1226 3383; x_wconf 90' lang='lat' dir='ltr'><strong>in</strong></span> <span class='ocrx_word' id='word_1_231' title='bbox 1247 3319 1304 3382; x_wconf 90' lang='lat' dir='ltr'><strong>do-</strong></span> <span class='ocrx_word' id='word_1_232' title='bbox 1410 3310 1417 3319; x_wconf 76' lang='grc'><strong>’</strong></span> 
     </span>
    </p>
   </div>
   <div class='ocr_carea' id='block_1_7' title="bbox 200 3438 1306 3532">
    <p class='ocr_par' dir='ltr' id='par_1_7' title="bbox 200 3438 1306 3532">
     <span class='ocr_line' id='line_1_27' title="bbox 200 3438 1306 3532; baseline -0.015 -15"><span class='ocrx_word' id='word_1_233' title='bbox 200 3476 288 3517; x_wconf 90' lang='lat' dir='ltr'><strong>mum</strong></span> <span class='ocrx_word' id='word_1_234' title='bbox 299 3474 318 3512; x_wconf 89' lang='lat' dir='ltr'><strong>a</strong></span> <span class='ocrx_word' id='word_1_235' title='bbox 329 3453 500 3512; x_wconf 88' lang='lat' dir='ltr'><strong>Maximino</strong></span> <span class='ocrx_word' id='word_1_236' title='bbox 514 3450 602 3532; x_wconf 72' lang='lat' dir='ltr'><strong>cpoli</strong></span> <span class='ocrx_word' id='word_1_237' title='bbox 613 3458 813 3527; x_wconf 83' lang='lat' dir='ltr'><strong>exstructam,</strong></span> <span class='ocrx_word' id='word_1_238' title='bbox 835 3446 964 3507; x_wconf 87' lang='lat' dir='ltr'><strong>alterum</strong></span> <span class='ocrx_word' id='word_1_239' title='bbox 976 3447 1010 3504; x_wconf 88' lang='lat' dir='ltr'><strong>in</strong></span> <span class='ocrx_word' id='word_1_240' title='bbox 1022 3454 1153 3505; x_wconf 77' lang='lat' dir='ltr'><strong>statum</strong></span> <span class='ocrx_word' id='word_1_241' title='bbox 1163 3438 1306 3517; x_wconf 77' lang='lat' dir='ltr'><strong>Pindari3</strong></span> 
     </span>
    </p>
   </div>
   <div class='ocr_carea' id='block_1_8' title="bbox 201 3556 1306 3651">
    <p class='ocr_par' dir='ltr' id='par_1_8' title="bbox 201 3556 1306 3651">
     <span class='ocr_line' id='line_1_28' title="bbox 201 3556 1306 3651; baseline -0.016 -15"><span class='ocrx_word' id='word_1_242' title='bbox 201 3574 278 3636; x_wconf 89' lang='lat' dir='ltr'><strong>adeo</strong></span> <span class='ocrx_word' id='word_1_243' title='bbox 292 3583 326 3632; x_wconf 87' lang='lat' dir='ltr'><strong>ut</strong></span> <span class='ocrx_word' id='word_1_244' title='bbox 339 3570 470 3631; x_wconf 82' lang='lat' dir='ltr'><strong>Paulum</strong></span> <span class='ocrx_word' id='word_1_245' title='bbox 484 3591 503 3629; x_wconf 87' lang='lat' dir='ltr'><strong>a</strong></span> <span class='ocrx_word' id='word_1_246' title='bbox 517 3579 642 3651; x_wconf 88' lang='lat' dir='ltr'><strong>parente</strong></span> <span class='ocrx_word' id='word_1_247' title='bbox 656 3588 744 3628; x_wconf 90' lang='lat' dir='ltr'><strong>suam</strong></span> <span class='ocrx_word' id='word_1_248' title='bbox 756 3569 789 3627; x_wconf 88' lang='lat' dir='ltr'><strong>in</strong></span> <span class='ocrx_word' id='word_1_249' title='bbox 804 3562 1211 3649; x_wconf 63' lang='lat' dir='ltr'><strong>coemeterio-propensionem</strong></span> <span class='ocrx_word' id='word_1_250' title='bbox 1225 3556 1306 3619; x_wconf 89' lang='lat' dir='ltr'><strong>hau-</strong></span> 
     </span>
    </p>
   </div>
   <div class='ocr_carea' id='block_1_9' title="bbox 89 3678 1306 3773">
    <p class='ocr_par' dir='ltr' id='par_1_9' title="bbox 89 3678 1306 3773">
     <span class='ocr_line' id='line_1_29' title="bbox 89 3678 1306 3773; baseline -0.018 -15"><span class='ocrx_word' id='word_1_251' title='bbox 89 3678 95 3687; x_wconf 56' lang='grc'><em>’</em></span> <span class='ocrx_word' id='word_1_252' title='bbox 201 3696 277 3755; x_wconf 87' lang='lat' dir='ltr'><strong>sisse</strong></span> <span class='ocrx_word' id='word_1_253' title='bbox 294 3712 351 3773; x_wconf 87' lang='lat' dir='ltr'><strong>par</strong></span> <span class='ocrx_word' id='word_1_254' title='bbox 370 3692 410 3751; x_wconf 88' lang='lat' dir='ltr'><strong>sit</strong></span> <span class='ocrx_word' id='word_1_255' title='bbox 429 3686 561 3751; x_wconf 80' lang='lat' dir='ltr'><strong>credere.</strong></span> <span class='ocrx_word' id='word_1_256' title='bbox 602 3689 743 3749; x_wconf 87' lang='lat' dir='ltr'><strong>meminit</strong></span> <span class='ocrx_word' id='word_1_257' title='bbox 759 3689 851 3747; x_wconf 86' lang='lat' dir='ltr'><strong>etiarn</strong></span> <span class='ocrx_word' id='word_1_258' title='bbox 866 3687 1031 3767; x_wconf 87' lang='lat' dir='ltr'><strong>Procopius</strong></span> <span class='ocrx_word' id='word_1_259' title='bbox 1048 3684 1070 3744; x_wconf 84' lang='lat' dir='ltr'><strong>l.</strong></span> <span class='ocrx_word' id='word_1_260' title='bbox 1086 3686 1108 3748; x_wconf 83' lang='lat'><strong>2</strong></span> <span class='ocrx_word' id='word_1_261' title='bbox 1123 3678 1306 3742; x_wconf 89' lang='lat' dir='ltr'><strong>Vandalico-</strong></span> 
     </span>
    </p>
   </div>
   <div class='ocr_carea' id='block_1_10' title="bbox 202 3798 1315 4136">
    <p class='ocr_par' dir='ltr' id='par_1_10' title="bbox 202 3798 1315 4136">
     <span class='ocr_line' id='line_1_30' title="bbox 202 3798 1307 3894; baseline -0.017 -19"><span class='ocrx_word' id='word_1_262' title='bbox 202 3835 272 3875; x_wconf 91' lang='lat' dir='ltr'><strong>rum</strong></span> <span class='ocrx_word' id='word_1_263' title='bbox 294 3814 366 3894; x_wconf 76' lang='lat' dir='ltr'><strong>Cyri</strong></span> <span class='ocrx_word' id='word_1_264' title='bbox 391 3806 565 3886; x_wconf 88' lang='lat' dir='ltr'><strong>cuiusdam,</strong></span> <span class='ocrx_word' id='word_1_265' title='bbox 586 3810 642 3892; x_wconf 87' lang='lat' dir='ltr'><strong>qui</strong></span> <span class='ocrx_word' id='word_1_266' title='bbox 662 3806 741 3869; x_wconf 83' lang='lat' dir='ltr'><strong>forte</strong></span> <span class='ocrx_word' id='word_1_267' title='bbox 760 3805 844 3867; x_wconf 90' lang='lat' dir='ltr'><strong>idem</strong></span> <span class='ocrx_word' id='word_1_268' title='bbox 867 3806 959 3865; x_wconf 85' lang='lat' dir='ltr'><strong>fuerit</strong></span> <span class='ocrx_word' id='word_1_269' title='bbox 973 3823 1053 3880; x_wconf 57' lang='lat' dir='ltr'><strong>,cum</strong></span> <span class='ocrx_word' id='word_1_270' title='bbox 1072 3798 1231 3861; x_wconf 85' lang='lat' dir='ltr'><strong>consulari.</strong></span> <span class='ocrx_word' id='word_1_271' title='bbox 1275 3806 1307 3857; x_wconf 87' lang='lat' dir='ltr'><strong>at</strong></span> 
     </span>
     <span class='ocr_line' id='line_1_31' title="bbox 202 3910 1307 4021; baseline -0.014 -27"><span class='ocrx_word' id='word_1_272' title='bbox 202 3932 286 4015; x_wconf 91' lang='lat' dir='ltr'><strong>quod</strong></span> <span class='ocrx_word' id='word_1_273' title='bbox 304 3928 450 4013; x_wconf 80' lang='lat' dir='ltr'><strong>Agathias</strong></span> <span class='ocrx_word' id='word_1_274' title='bbox 472 3927 510 4011; x_wconf 77' lang='lat' dir='ltr'><strong>de</strong></span> <span class='ocrx_word' id='word_1_275' title='bbox 529 3929 625 3989; x_wconf 84' lang='lat' dir='ltr'><strong>Paulo</strong></span> <span class='ocrx_word' id='word_1_276' title='bbox 648 3929 782 4021; x_wconf 83' lang='lat' dir='ltr'><strong>scribens</strong></span> <span class='ocrx_word' id='word_1_277' title='bbox 806 3923 883 3986; x_wconf 85' lang='lat' dir='ltr'><strong>haec</strong></span> <span class='ocrx_word' id='word_1_278' title='bbox 907 3921 1024 4000; x_wconf 85' lang='lat' dir='ltr'><strong>subdit,</strong></span> <span class='ocrx_word' id='word_1_279' title='bbox 1055 3914 1248 4002; x_wconf 71' lang='lat' dir='ltr'><strong>dsateytcoc</strong></span> <span class='ocrx_word' id='word_1_280' title='bbox 1268 3910 1307 3980; x_wconf 79' lang='lat' dir='ltr'><strong>cd</strong></span> 
     </span>
     <span class='ocr_line' id='line_1_32' title="bbox 206 4034 1315 4136; baseline -0.019 -20"><span class='ocrx_word' id='word_1_281' title='bbox 206 4046 323 4136; x_wconf 69' lang='grc' dir='ltr'><strong><em>Παύλῳ</em></strong></span> <span class='ocrx_word' id='word_1_282' title='bbox 340 4046 448 4133; x_wconf 72' lang='grc' dir='ltr'>Κύρου</span> <span class='ocrx_word' id='word_1_283' title='bbox 461 4052 518 4114; x_wconf 79' lang='lat' dir='ltr'><strong>sori</strong></span> <span class='ocrx_word' id='word_1_284' title='bbox 531 4040 715 4133; x_wconf 59' lang='lat' dir='ltr'><strong>&amp;tricor-lv</strong></span> <span class='ocrx_word' id='word_1_285' title='bbox 736 4044 907 4131; x_wconf 62' lang='grc' dir='ltr'><strong>ἑξαμέτροις</strong></span> <span class='ocrx_word' id='word_1_286' title='bbox 928 4036 1140 4126; x_wconf 63' lang='grc' dir='ltr'><strong><em>πεπονῂμὲνα,</em></strong></span> <span class='ocrx_word' id='word_1_287' title='bbox 1158 4039 1202 4101; x_wconf 89' lang='lat' dir='ltr'><strong>sio</strong></span> <span class='ocrx_word' id='word_1_288' title='bbox 1220 4034 1315 4117; x_wconf 86' lang='lat' dir='ltr'><strong>dige-·</strong></span> 
     </span>
    </p>
   </div>
   <div class='ocr_carea' id='block_1_11' title="bbox 274 4300 878 4377">
    <p class='ocr_par' dir='ltr' id='par_1_11' title="bbox 274 4300 878 4377">
     <span class='ocr_line' id='line_1_33' title="bbox 274 4300 878 4377; baseline -0.01 -15"><span class='ocrx_word' id='word_1_289' title='bbox 274 4308 309 4377; x_wconf 71' lang='lat'><strong>⁸)</strong></span> <span class='ocrx_word' id='word_1_290' title='bbox 343 4307 382 4361; x_wconf 67' lang='lat' dir='ltr'><strong>er.</strong></span> <span class='ocrx_word' id='word_1_291' title='bbox 399 4304 528 4377; x_wconf 60' lang='lat' dir='ltr'><strong>maun</strong></span> <span class='ocrx_word' id='word_1_292' title='bbox 544 4300 774 4376; x_wconf 55' lang='lat' dir='ltr'><strong>procusa.</strong></span> <span class='ocrx_word' id='word_1_293' title='bbox 790 4300 878 4357; x_wconf 73' lang='lat' dir='ltr'><strong>esan.</strong></span> 
     </span>
    </p>
   </div>
   <div class='ocr_carea' id='block_1_12' title="bbox 0 0 1533 4817">
    <p class='ocr_par' dir='ltr' id='par_1_12' title="bbox 0 0 1533 4817">
     <span class='ocr_line' id='line_1_34' title="bbox 0 0 1533 4817; baseline 0 0"><span class='ocrx_word' id='word_1_294' title='bbox 0 0 1533 4817; x_wconf 95' lang='lat' dir='ltr'><strong> </strong></span> 
     </span>
    </p>
   </div>
  </div>
 </body>
</html>
