<?xml version="1.0" encoding="UTF-8"?>
<!DOCTYPE html PUBLIC "-//W3C//DTD XHTML 1.0 Transitional//EN"
    "http://www.w3.org/TR/xhtml1/DTD/xhtml1-transitional.dtd">
<html xmlns="http://www.w3.org/1999/xhtml" xml:lang="en" lang="en">
 <head>
  <title>
</title>
<meta http-equiv="Content-Type" content="text/html;charset=utf-8" />
  <meta name='ocr-system' content='tesseract 3.04.00' />
  <meta name='ocr-capabilities' content='ocr_page ocr_carea ocr_par ocr_line ocrx_word'/>
</head>
<body>
  <div class='ocr_page' id='page_1' title='image "./corpusscriptoru19theogoog_0081.png"; bbox 0 0 3017 4817; ppageno 0'>
   <div class='ocr_carea' id='block_1_1' title="bbox 417 311 1230 395">
    <p class='ocr_par' dir='ltr' id='par_1_1' title="bbox 417 311 1230 395">
     <span class='ocr_line' id='line_1_1' title="bbox 417 311 1230 395; baseline 0.018 -16"><span class='ocrx_word' id='word_1_1' title='bbox 417 311 672 382; x_wconf 80' lang='lat' dir='ltr'>DESCRIPTIO</span> <span class='ocrx_word' id='word_1_2' title='bbox 697 315 732 382; x_wconf 87' lang='lat' dir='ltr'><strong>S.</strong></span> <span class='ocrx_word' id='word_1_3' title='bbox 755 314 948 387; x_wconf 82' lang='lat' dir='ltr'>SOPHIAE.</span> <span class='ocrx_word' id='word_1_4' title='bbox 1180 322 1230 395; x_wconf 81' lang='grc'><strong>67</strong></span> 
     </span>
    </p>
   </div>
   <div class='ocr_carea' id='block_1_2' title="bbox 117 471 1296 2197">
    <p class='ocr_par' dir='ltr' id='par_1_2' title="bbox 118 471 1296 1142">
     <span class='ocr_line' id='line_1_2' title="bbox 119 471 1230 569; baseline 0.013 -31"><span class='ocrx_word' id='word_1_5' title='bbox 119 472 268 559; x_wconf 75' lang='grc' dir='ltr'><strong><em>ιριιίρχης</em></strong></span> <span class='ocrx_word' id='word_1_6' title='bbox 282 480 353 541; x_wconf 81' lang='grc' dir='ltr'><strong>ΚΠ</strong></span> <span class='ocrx_word' id='word_1_7' title='bbox 361 471 513 560; x_wconf 78' lang='grc' dir='ltr'><strong><em>Ειίτιίχιος</em></strong></span> <span class='ocrx_word' id='word_1_8' title='bbox 527 477 601 560; x_wconf 69' lang='grc' dir='ltr'><strong><em>μετα</em></strong></span> <span class='ocrx_word' id='word_1_9' title='bbox 612 484 668 560; x_wconf 73' lang='grc' dir='ltr'><strong>τῆς</strong></span> <span class='ocrx_word' id='word_1_10' title='bbox 679 484 779 563; x_wconf 79' lang='grc' dir='ltr'><strong><em>λιτῆς,</em></strong></span> <span class='ocrx_word' id='word_1_11' title='bbox 801 477 1011 567; x_wconf 75' lang='grc' dir='ltr'><strong><em>συμπαρόντος</em></strong></span> <span class='ocrx_word' id='word_1_12' title='bbox 1028 485 1080 549; x_wconf 81' lang='grc' dir='ltr'><strong><em>καλ</em></strong></span> <span class='ocrx_word' id='word_1_13' title='bbox 1100 491 1156 551; x_wconf 80' lang='lat' dir='ltr'><strong>rori</strong></span> <span class='ocrx_word' id='word_1_14' title='bbox 1172 490 1230 569; x_wconf 85' lang='grc' dir='ltr'><strong><em>βα-</em></strong></span> 
     </span>
     <span class='ocr_line' id='line_1_3' title="bbox 120 560 1230 673; baseline 0.014 -49"><span class='ocrx_word' id='word_1_15' title='bbox 120 562 246 639; x_wconf 73' lang='grc' dir='ltr'><strong><em>σιλέως,</em></strong></span> <span class='ocrx_word' id='word_1_16' title='bbox 273 560 479 645; x_wconf 67' lang='grc' dir='ltr'><strong><em>καθεζόμενος</em></strong></span> <span class='ocrx_word' id='word_1_17' title='bbox 502 566 536 629; x_wconf 75' lang='lat' dir='ltr'><strong>tv</strong></span> <span class='ocrx_word' id='word_1_18' title='bbox 562 570 606 651; x_wconf 75' lang='grc' dir='ltr'><strong><em>τῷ</em></strong></span> <span class='ocrx_word' id='word_1_19' title='bbox 626 562 751 673; x_wconf 77' lang='grc' dir='ltr'><strong><em>ὀχήματι</em></strong></span> <span class='ocrx_word' id='word_1_20' title='bbox 770 569 823 632; x_wconf 77' lang='lat' dir='ltr'><strong>eci</strong></span> <span class='ocrx_word' id='word_1_21' title='bbox 847 576 955 651; x_wconf 77' lang='grc' dir='ltr'><strong><em>φορεῖν</em></strong></span> <span class='ocrx_word' id='word_1_22' title='bbox 976 567 1009 635; x_wconf 76' lang='lat' dir='ltr'><strong>cd</strong></span> <span class='ocrx_word' id='word_1_23' title='bbox 1031 566 1230 641; x_wconf 79' lang='grc' dir='ltr'><strong><em>οἲποστολιιιόν</em></strong></span> 
     </span>
     <span class='ocr_line' id='line_1_4' title="bbox 122 646 1230 754; baseline 0.013 -45"><span class='ocrx_word' id='word_1_24' title='bbox 122 653 226 754; x_wconf 74' lang='grc' dir='ltr'><strong><em>σχῆμα</em></strong></span> <span class='ocrx_word' id='word_1_25' title='bbox 243 648 298 711; x_wconf 75' lang='grc' dir='ltr'><strong><em>καί</em></strong></span> <span class='ocrx_word' id='word_1_26' title='bbox 318 654 438 731; x_wconf 75' lang='grc' dir='ltr'><strong><em>κρατῶν</em></strong></span> <span class='ocrx_word' id='word_1_27' title='bbox 456 646 490 713; x_wconf 78' lang='lat' dir='ltr'><strong>cd</strong></span> <span class='ocrx_word' id='word_1_28' title='bbox 509 646 598 734; x_wconf 73' lang='grc' dir='ltr'><strong><em>ἅγιον</em></strong></span> <span class='ocrx_word' id='word_1_29' title='bbox 619 652 808 735; x_wconf 60' lang='lat' dir='ltr'><strong>tamtam,</strong></span> <span class='ocrx_word' id='word_1_30' title='bbox 836 650 960 720; x_wconf 72' lang='grc' dir='ltr'><strong><em>πάντων</em></strong></span> <span class='ocrx_word' id='word_1_31' title='bbox 975 661 1037 721; x_wconf 78' lang='grc' dir='ltr'><strong><em>ταῖν</em></strong></span> <span class='ocrx_word' id='word_1_32' title='bbox 1052 663 1135 721; x_wconf 74' lang='lat' dir='ltr'><strong>lucio</strong></span> <span class='ocrx_word' id='word_1_33' title='bbox 1146 666 1230 738; x_wconf 81' lang='grc' dir='ltr'><strong><em>ψαλ·</em></strong></span> 
     </span>
     <span class='ocr_line' id='line_1_5' title="bbox 120 730 1229 824; baseline 0.01 -29"><span class='ocrx_word' id='word_1_34' title='bbox 120 738 238 796; x_wconf 74' lang='grc' dir='ltr'><strong><em>λαντον</em></strong></span> <span class='ocrx_word' id='word_1_35' title='bbox 258 730 295 797; x_wconf 72' lang='lat' dir='ltr'><strong>vd</strong></span> <span class='ocrx_word' id='word_1_36' title='bbox 317 731 408 816; x_wconf 69' lang='grc' dir='ltr'><strong><em>ἄρατε</em></strong></span> <span class='ocrx_word' id='word_1_37' title='bbox 428 730 542 813; x_wconf 69' lang='grc' dir='ltr'><strong><em>πύλας,</em></strong></span> <span class='ocrx_word' id='word_1_38' title='bbox 565 733 724 819; x_wconf 72' lang='grc' dir='ltr'><strong><em>ἄρχοντες,</em></strong></span> <span class='ocrx_word' id='word_1_39' title='bbox 744 738 844 821; x_wconf 71' lang='grc' dir='ltr'><strong><em>τίμιον.</em></strong></span> <span class='ocrx_word' id='word_1_40' title='bbox 886 744 949 801; x_wconf 90' lang='lat' dir='ltr'><strong>iam</strong></span> <span class='ocrx_word' id='word_1_41' title='bbox 961 763 1033 804; x_wconf 83' lang='lat' dir='ltr'><strong>vero</strong></span> <span class='ocrx_word' id='word_1_42' title='bbox 1047 742 1130 824; x_wconf 87' lang='lat' dir='ltr'><strong>quod</strong></span> <span class='ocrx_word' id='word_1_43' title='bbox 1144 744 1229 806; x_wconf 80' lang='lat' dir='ltr'><strong>addit</strong></span> 
     </span>
     <span class='ocr_line' id='line_1_6' title="bbox 121 819 1229 913; baseline 0.013 -36"><span class='ocrx_word' id='word_1_44' title='bbox 121 821 304 899; x_wconf 79' lang='lat' dir='ltr'><strong>Anonymns</strong></span> <span class='ocrx_word' id='word_1_45' title='bbox 316 841 370 879; x_wconf 88' lang='lat' dir='ltr'><strong>seu</strong></span> <span class='ocrx_word' id='word_1_46' title='bbox 382 819 531 897; x_wconf 81' lang='lat' dir='ltr'><strong>Codinus,</strong></span> <span class='ocrx_word' id='word_1_47' title='bbox 553 826 764 883; x_wconf 90' lang='lat' dir='ltr'><strong>encaeniorum</strong></span> <span class='ocrx_word' id='word_1_48' title='bbox 778 826 982 887; x_wconf 74' lang='lat' dir='ltr'><strong>celebritatem</strong></span> <span class='ocrx_word' id='word_1_49' title='bbox 999 828 1039 887; x_wconf 91' lang='lat' dir='ltr'><strong>ad</strong></span> <span class='ocrx_word' id='word_1_50' title='bbox 1051 830 1117 908; x_wconf 87' lang='lat' dir='ltr'><strong>ipsa</strong></span> <span class='ocrx_word' id='word_1_51' title='bbox 1130 852 1229 913; x_wconf 84' lang='lat' dir='ltr'><strong>usque</strong></span> 
     </span>
     <span class='ocr_line' id='line_1_7' title="bbox 119 902 1296 993; baseline 0.012 -30"><span class='ocrx_word' id='word_1_52' title='bbox 119 902 396 983; x_wconf 78' lang='lat' dir='ltr'><strong>Theophaniorum</strong></span> <span class='ocrx_word' id='word_1_53' title='bbox 416 907 494 966; x_wconf 83' lang='lat' dir='ltr'><strong>festa</strong></span> <span class='ocrx_word' id='word_1_54' title='bbox 513 907 707 988; x_wconf 84' lang='lat' dir='ltr'><strong>productam,</strong></span> <span class='ocrx_word' id='word_1_55' title='bbox 729 910 881 993; x_wconf 89' lang='lat' dir='ltr'><strong>siquidem</strong></span> <span class='ocrx_word' id='word_1_56' title='bbox 903 912 941 973; x_wconf 90' lang='lat' dir='ltr'><strong>de</strong></span> <span class='ocrx_word' id='word_1_57' title='bbox 962 914 1101 975; x_wconf 88' lang='lat' dir='ltr'><strong>secundis</strong></span> <span class='ocrx_word' id='word_1_58' title='bbox 1118 936 1231 976; x_wconf 82' lang='lat' dir='ltr'><strong>encae-</strong></span> <span class='ocrx_word' id='word_1_59' title='bbox 1293 930 1296 937; x_wconf 82' lang='lat'>&#39;</span> 
     </span>
     <span class='ocr_line' id='line_1_8' title="bbox 119 990 1228 1142; baseline 0.016 -95"><span class='ocrx_word' id='word_1_60' title='bbox 119 992 291 1142; x_wconf 57' lang='lat' dir='ltr'><strong>niis4egit,</strong></span> <span class='ocrx_word' id='word_1_61' title='bbox 325 990 359 1049; x_wconf 89' lang='lat' dir='ltr'><strong>id</strong></span> <span class='ocrx_word' id='word_1_62' title='bbox 384 990 504 1052; x_wconf 82' lang='lat' dir='ltr'><strong>ridetur</strong></span> <span class='ocrx_word' id='word_1_63' title='bbox 529 996 642 1075; x_wconf 82' lang='lat' dir='ltr'><strong>pariter</strong></span> <span class='ocrx_word' id='word_1_64' title='bbox 670 994 784 1057; x_wconf 80' lang='lat' dir='ltr'><strong>dixisse</strong></span> <span class='ocrx_word' id='word_1_65' title='bbox 807 998 997 1061; x_wconf 71' lang='lat' dir='ltr'><strong>silentiarius</strong></span> <span class='ocrx_word' id='word_1_66' title='bbox 1014 1004 1048 1061; x_wconf 87' lang='lat' dir='ltr'><strong>in</strong></span> <span class='ocrx_word' id='word_1_67' title='bbox 1069 1004 1228 1065; x_wconf 76' lang='lat' dir='ltr'><strong>Prooemio</strong></span> 
     </span>
     <span class='ocr_line' id='line_1_9' title="bbox 118 1082 231 1141; baseline 0 -6"><span class='ocrx_word' id='word_1_68' title='bbox 118 1082 188 1141; x_wconf 80' lang='grc' dir='ltr'><strong><em>τ.7</em></strong></span> <span class='ocrx_word' id='word_1_69' title='bbox 219 1094 231 1135; x_wconf 81' lang='grc' dir='ltr'><strong><em>ι</em></strong></span> 
     </span>
    </p>

    <p class='ocr_par' dir='ltr' id='par_1_3' title="bbox 289 1154 871 1247">
     <span class='ocr_line' id='line_1_10' title="bbox 289 1154 871 1247; baseline 0.019 -25"><span class='ocrx_word' id='word_1_70' title='bbox 289 1157 357 1223; x_wconf 71' lang='grc' dir='ltr'><strong>ἐπεὶ</strong></span> <span class='ocrx_word' id='word_1_71' title='bbox 368 1157 427 1243; x_wconf 71' lang='grc' dir='ltr'><strong><em>χείρ</em></strong></span> <span class='ocrx_word' id='word_1_72' title='bbox 439 1154 511 1246; x_wconf 75' lang='grc' dir='ltr'><strong><em>ἦγες</em></strong></span> <span class='ocrx_word' id='word_1_73' title='bbox 523 1158 580 1244; x_wconf 70' lang='grc' dir='ltr'><strong><em>τήν</em></strong></span> <span class='ocrx_word' id='word_1_74' title='bbox 593 1160 719 1247; x_wconf 75' lang='grc' dir='ltr'><strong><em>ἑορτήν,</em></strong></span> <span class='ocrx_word' id='word_1_75' title='bbox 742 1165 783 1243; x_wconf 66' lang='lat' dir='ltr'><strong>alc</strong></span> <span class='ocrx_word' id='word_1_76' title='bbox 801 1166 871 1247; x_wconf 70' lang='grc' dir='ltr'><strong><em>ἔδει,</em></strong></span> 
     </span>
    </p>

    <p class='ocr_par' dir='ltr' id='par_1_4' title="bbox 289 1240 842 1335">
     <span class='ocr_line' id='line_1_11' title="bbox 289 1240 842 1335; baseline 0.014 -26"><span class='ocrx_word' id='word_1_77' title='bbox 289 1240 372 1320; x_wconf 63' lang='lat' dir='ltr'><strong>inea</strong></span> <span class='ocrx_word' id='word_1_78' title='bbox 386 1243 403 1310; x_wconf 79' lang='grc' dir='ltr'><em>ὅ</em></span> <span class='ocrx_word' id='word_1_79' title='bbox 416 1248 528 1325; x_wconf 78' lang='grc' dir='ltr'><strong><em>δῆμος,</em></strong></span> <span class='ocrx_word' id='word_1_80' title='bbox 550 1245 645 1324; x_wconf 63' lang='lat' dir='ltr'><strong>audrie</strong></span> <span class='ocrx_word' id='word_1_81' title='bbox 657 1249 679 1333; x_wconf 66' lang='lat' dir='ltr'><strong>&#39;l</strong></span> <span class='ocrx_word' id='word_1_82' title='bbox 691 1255 842 1335; x_wconf 79' lang='grc' dir='ltr'><strong><em>γερουσία,</em></strong></span> 
     </span>
    </p>

    <p class='ocr_par' dir='ltr' id='par_1_5' title="bbox 291 1328 901 1421">
     <span class='ocr_line' id='line_1_12' title="bbox 291 1328 901 1421; baseline 0.015 -26"><span class='ocrx_word' id='word_1_83' title='bbox 291 1332 327 1395; x_wconf 84' lang='grc' dir='ltr'><strong>οἱ</strong></span> <span class='ocrx_word' id='word_1_84' title='bbox 335 1328 391 1394; x_wconf 75' lang='lat' dir='ltr'><strong>ro&#39;v</strong></span> <span class='ocrx_word' id='word_1_85' title='bbox 404 1332 497 1412; x_wconf 75' lang='grc' dir='ltr'><strong><em>μέσον</em></strong></span> <span class='ocrx_word' id='word_1_86' title='bbox 511 1336 669 1413; x_wconf 73' lang='grc' dir='ltr'><strong><em>ζηλοῦντες</em></strong></span> <span class='ocrx_word' id='word_1_87' title='bbox 683 1333 807 1419; x_wconf 79' lang='grc' dir='ltr'><strong><em>α’σφαλῆ</em></strong></span> <span class='ocrx_word' id='word_1_88' title='bbox 821 1340 901 1421; x_wconf 81' lang='grc' dir='ltr'><strong><em>βίον,</em></strong></span> 
     </span>
    </p>

    <p class='ocr_par' dir='ltr' id='par_1_6' title="bbox 287 1412 825 1509">
     <span class='ocr_line' id='line_1_13' title="bbox 287 1412 825 1509; baseline 0.02 -32"><span class='ocrx_word' id='word_1_89' title='bbox 287 1412 345 1489; x_wconf 79' lang='grc' dir='ltr'><strong><em>ταὶς</em></strong></span> <span class='ocrx_word' id='word_1_90' title='bbox 356 1420 412 1498; x_wconf 81' lang='grc' dir='ltr'><strong>τῆς</strong></span> <span class='ocrx_word' id='word_1_91' title='bbox 425 1415 529 1504; x_wconf 76' lang='grc' dir='ltr'><strong><em>ἑορτῆς</em></strong></span> <span class='ocrx_word' id='word_1_92' title='bbox 543 1418 658 1502; x_wconf 74' lang='grc' dir='ltr'><strong><em>ἡμέρας</em></strong></span> <span class='ocrx_word' id='word_1_93' title='bbox 670 1420 825 1509; x_wconf 79' lang='grc' dir='ltr'><strong><em>ἐπεξάγων</em></strong></span> 
     </span>
    </p>

    <p class='ocr_par' dir='ltr' id='par_1_7' title="bbox 289 1497 1027 1595">
     <span class='ocr_line' id='line_1_14' title="bbox 289 1497 1027 1595; baseline 0.014 -33"><span class='ocrx_word' id='word_1_94' title='bbox 289 1497 403 1587; x_wconf 74' lang='grc' dir='ltr'><strong><em>ᾔτουν·</em></strong></span> <span class='ocrx_word' id='word_1_95' title='bbox 422 1509 568 1584; x_wconf 87' lang='grc' dir='ltr'><strong><em>παρεῖχες.</em></strong></span> <span class='ocrx_word' id='word_1_96' title='bbox 613 1505 792 1589; x_wconf 73' lang='grc' dir='ltr'><strong><em>ἐξέδραμον,</em></strong></span> <span class='ocrx_word' id='word_1_97' title='bbox 814 1504 911 1595; x_wconf 76' lang='grc' dir='ltr'><strong>Ιἤτουν</strong></span> <span class='ocrx_word' id='word_1_98' title='bbox 924 1500 1027 1585; x_wconf 70' lang='grc' dir='ltr'><strong><em>πάλιν,</em></strong></span> 
     </span>
    </p>

    <p class='ocr_par' dir='ltr' id='par_1_8' title="bbox 288 1580 969 1676">
     <span class='ocr_line' id='line_1_15' title="bbox 288 1580 969 1676; baseline 0.016 -29"><span class='ocrx_word' id='word_1_99' title='bbox 288 1580 383 1648; x_wconf 84' lang='grc' dir='ltr'><strong><em>πιῖλιν</em></strong></span> <span class='ocrx_word' id='word_1_100' title='bbox 393 1594 539 1669; x_wconf 78' lang='grc' dir='ltr'><strong><em>παρεῖχες.</em></strong></span> <span class='ocrx_word' id='word_1_101' title='bbox 580 1595 668 1656; x_wconf 78' lang='grc' dir='ltr'><strong><em>τοῦτο</em></strong></span> <span class='ocrx_word' id='word_1_102' title='bbox 681 1591 716 1656; x_wconf 77' lang='grc' dir='ltr'><strong>δὲ</strong></span> <span class='ocrx_word' id='word_1_103' title='bbox 728 1596 812 1676; x_wconf 74' lang='grc' dir='ltr'><strong><em>δρῶν</em></strong></span> <span class='ocrx_word' id='word_1_104' title='bbox 823 1588 969 1669; x_wconf 72' lang='grc' dir='ltr'><strong>πολλάκις</strong></span> 
     </span>
    </p>

    <p class='ocr_par' dir='ltr' id='par_1_9' title="bbox 288 1669 837 1759">
     <span class='ocr_line' id='line_1_16' title="bbox 288 1669 837 1759; baseline 0.016 -26"><span class='ocrx_word' id='word_1_105' title='bbox 288 1669 472 1747; x_wconf 76' lang='grc' dir='ltr'><strong><em>ίαεξίτεινας</em></strong></span> <span class='ocrx_word' id='word_1_106' title='bbox 484 1671 542 1753; x_wconf 74' lang='grc' dir='ltr'><strong><em>την</em></strong></span> <span class='ocrx_word' id='word_1_107' title='bbox 555 1672 664 1759; x_wconf 77' lang='grc' dir='ltr'><strong><em>ίορτην</em></strong></span> <span class='ocrx_word' id='word_1_108' title='bbox 675 1682 837 1753; x_wconf 85' lang='grc' dir='ltr'><strong><em>πλουσίως.</em></strong></span> 
     </span>
    </p>

    <p class='ocr_par' dir='ltr' id='par_1_10' title="bbox 117 1774 1228 2197">
     <span class='ocr_line' id='line_1_17' title="bbox 205 1774 1227 1861; baseline 0.002 -24"><span class='ocrx_word' id='word_1_109' title='bbox 205 1776 240 1837; x_wconf 87' lang='lat'><strong>7.</strong></span> <span class='ocrx_word' id='word_1_110' title='bbox 282 1774 365 1832; x_wconf 89' lang='lat' dir='ltr'><strong>Tam</strong></span> <span class='ocrx_word' id='word_1_111' title='bbox 385 1776 530 1854; x_wconf 83' lang='lat' dir='ltr'><strong>elegantis</strong></span> <span class='ocrx_word' id='word_1_112' title='bbox 546 1777 747 1861; x_wconf 87' lang='lat' dir='ltr'><strong>stupendiquo</strong></span> <span class='ocrx_word' id='word_1_113' title='bbox 760 1780 868 1858; x_wconf 86' lang='lat' dir='ltr'><strong>templi</strong></span> <span class='ocrx_word' id='word_1_114' title='bbox 885 1776 1040 1839; x_wconf 75' lang='lat' dir='ltr'><strong>architecti</strong></span> <span class='ocrx_word' id='word_1_115' title='bbox 1054 1796 1227 1839; x_wconf 85' lang='lat' dir='ltr'><strong>memorau-</strong></span> 
     </span>
     <span class='ocr_line' id='line_1_18' title="bbox 120 1859 1228 1945; baseline 0.008 -30"><span class='ocrx_word' id='word_1_116' title='bbox 120 1866 170 1916; x_wconf 85' lang='lat' dir='ltr'><strong>tur</strong></span> <span class='ocrx_word' id='word_1_117' title='bbox 182 1860 376 1936; x_wconf 85' lang='lat' dir='ltr'><strong>potissimum</strong></span> <span class='ocrx_word' id='word_1_118' title='bbox 389 1859 466 1935; x_wconf 91' lang='lat' dir='ltr'><strong>duo,</strong></span> <span class='ocrx_word' id='word_1_119' title='bbox 488 1864 567 1921; x_wconf 84' lang='lat' dir='ltr'><strong>inter</strong></span> <span class='ocrx_word' id='word_1_120' title='bbox 581 1874 626 1923; x_wconf 91' lang='lat' dir='ltr'><strong>tot</strong></span> <span class='ocrx_word' id='word_1_121' title='bbox 639 1884 714 1945; x_wconf 87' lang='lat' dir='ltr'><strong>quos</strong></span> <span class='ocrx_word' id='word_1_122' title='bbox 730 1885 771 1924; x_wconf 86' lang='lat' dir='ltr'><strong>ox</strong></span> <span class='ocrx_word' id='word_1_123' title='bbox 783 1868 924 1926; x_wconf 86' lang='lat' dir='ltr'><strong>universo</strong></span> <span class='ocrx_word' id='word_1_124' title='bbox 939 1885 1017 1945; x_wconf 87' lang='lat' dir='ltr'><strong>pene</strong></span> <span class='ocrx_word' id='word_1_125' title='bbox 1032 1865 1104 1923; x_wconf 87' lang='lat' dir='ltr'><strong>orbe</strong></span> <span class='ocrx_word' id='word_1_126' title='bbox 1118 1884 1228 1944; x_wconf 87' lang='lat' dir='ltr'><strong>coege-</strong></span> 
     </span>
     <span class='ocr_line' id='line_1_19' title="bbox 121 1944 1227 2021; baseline 0.005 -20"><span class='ocrx_word' id='word_1_127' title='bbox 121 1953 168 2001; x_wconf 83' lang='lat' dir='ltr'><strong>rat</strong></span> <span class='ocrx_word' id='word_1_128' title='bbox 186 1946 389 2021; x_wconf 88' lang='lat' dir='ltr'><strong>Iustinianus,</strong></span> <span class='ocrx_word' id='word_1_129' title='bbox 409 1944 590 2008; x_wconf 76' lang='lat' dir='ltr'><strong>Anthemius</strong></span> <span class='ocrx_word' id='word_1_130' title='bbox 615 1952 730 2010; x_wconf 85' lang='lat' dir='ltr'><strong>scilicet</strong></span> <span class='ocrx_word' id='word_1_131' title='bbox 751 1952 927 2010; x_wconf 81' lang='lat' dir='ltr'><strong>Trallianus</strong></span> <span class='ocrx_word' id='word_1_132' title='bbox 945 1960 974 2009; x_wconf 88' lang='lat' dir='ltr'><strong>et</strong></span> <span class='ocrx_word' id='word_1_133' title='bbox 987 1946 1119 2009; x_wconf 79' lang='lat' dir='ltr'><strong>Isidorus</strong></span> <span class='ocrx_word' id='word_1_134' title='bbox 1135 1952 1227 2008; x_wconf 84' lang='lat' dir='ltr'><strong>Mile-</strong></span> 
     </span>
     <span class='ocr_line' id='line_1_20' title="bbox 119 2030 1227 2115; baseline 0.009 -30"><span class='ocrx_word' id='word_1_135' title='bbox 119 2030 201 2102; x_wconf 82' lang='lat' dir='ltr'><strong>sius,</strong></span> <span class='ocrx_word' id='word_1_136' title='bbox 232 2040 359 2111; x_wconf 87' lang='lat' dir='ltr'><strong>uterque</strong></span> <span class='ocrx_word' id='word_1_137' title='bbox 382 2035 453 2090; x_wconf 89' lang='lat' dir='ltr'><strong>artis</strong></span> <span class='ocrx_word' id='word_1_138' title='bbox 475 2032 669 2094; x_wconf 77' lang='lat' dir='ltr'><strong>mechanicae</strong></span> <span class='ocrx_word' id='word_1_139' title='bbox 688 2038 898 2115; x_wconf 86' lang='lat' dir='ltr'><strong>peritissimus.</strong></span> <span class='ocrx_word' id='word_1_140' title='bbox 943 2033 980 2093; x_wconf 89' lang='lat' dir='ltr'><strong>de</strong></span> <span class='ocrx_word' id='word_1_141' title='bbox 997 2032 1161 2095; x_wconf 83' lang='lat' dir='ltr'><strong>Anthemio</strong></span> <span class='ocrx_word' id='word_1_142' title='bbox 1182 2036 1227 2095; x_wconf 90' lang='lat' dir='ltr'><strong>sic</strong></span> 
     </span>
     <span class='ocr_line' id='line_1_21' title="bbox 117 2114 705 2197; baseline 0.01 -24"><span class='ocrx_word' id='word_1_143' title='bbox 117 2114 237 2174; x_wconf 84' lang='lat' dir='ltr'><strong>Paulus</strong></span> <span class='ocrx_word' id='word_1_144' title='bbox 251 2114 440 2177; x_wconf 75' lang='lat' dir='ltr'><strong>silentiarius</strong></span> <span class='ocrx_word' id='word_1_145' title='bbox 455 2129 532 2197; x_wconf 79' lang='lat' dir='ltr'><strong>part.</strong></span> <span class='ocrx_word' id='word_1_146' title='bbox 549 2119 567 2182; x_wconf 92' lang='lat'><strong>1</strong></span> <span class='ocrx_word' id='word_1_147' title='bbox 582 2138 614 2179; x_wconf 78' lang='lat' dir='ltr'><strong>v.</strong></span> <span class='ocrx_word' id='word_1_148' title='bbox 630 2119 705 2184; x_wconf 79' lang='lat'>134:</span> 
     </span>
    </p>
   </div>
   <div class='ocr_carea' id='block_1_3' title="bbox 286 2215 1087 2387">
    <p class='ocr_par' dir='ltr' id='par_1_11' title="bbox 286 2215 1087 2387">
     <span class='ocr_line' id='line_1_22' title="bbox 620 2215 984 2298; baseline -0.003 -18"><span class='ocrx_word' id='word_1_149' title='bbox 620 2217 815 2295; x_wconf 76' lang='grc' dir='ltr'><strong><em>ἐπευφήμησε</em></strong></span> <span class='ocrx_word' id='word_1_150' title='bbox 830 2218 864 2279; x_wconf 80' lang='lat' dir='ltr'><strong>dl</strong></span> <span class='ocrx_word' id='word_1_151' title='bbox 875 2215 984 2298; x_wconf 80' lang='grc' dir='ltr'><strong><em>τέχνην</em></strong></span> 
     </span>
     <span class='ocr_line' id='line_1_23' title="bbox 286 2296 1087 2387; baseline 0.002 -25"><span class='ocrx_word' id='word_1_152' title='bbox 286 2298 338 2363; x_wconf 69' lang='lat' dir='ltr'><strong>sol</strong></span> <span class='ocrx_word' id='word_1_153' title='bbox 355 2296 433 2365; x_wconf 81' lang='grc' dir='ltr'><strong><em>νόον</em></strong></span> <span class='ocrx_word' id='word_1_154' title='bbox 445 2296 619 2380; x_wconf 82' lang='grc' dir='ltr'><strong><em>Ἀνθεμίοιο</em></strong></span> <span class='ocrx_word' id='word_1_155' title='bbox 634 2299 819 2381; x_wconf 76' lang='grc' dir='ltr'><strong><em>κεκασμένον</em></strong></span> <span class='ocrx_word' id='word_1_156' title='bbox 833 2300 963 2381; x_wconf 75' lang='grc' dir='ltr'><strong><em>ἔμφρονι</em></strong></span> <span class='ocrx_word' id='word_1_157' title='bbox 978 2303 1087 2387; x_wconf 74' lang='grc' dir='ltr'><strong><em>βουλῇ.</em></strong></span> 
     </span>
    </p>
   </div>
   <div class='ocr_carea' id='block_1_4' title="bbox 114 2380 1290 4305">
    <p class='ocr_par' dir='ltr' id='par_1_12' title="bbox 115 2380 1290 4036">
     <span class='ocr_line' id='line_1_24' title="bbox 286 2380 1040 2467; baseline 0.005 -22"><span class='ocrx_word' id='word_1_158' title='bbox 286 2390 388 2459; x_wconf 83' lang='grc' dir='ltr'><strong><em>αεῖνος</em></strong></span> <span class='ocrx_word' id='word_1_159' title='bbox 403 2380 482 2467; x_wconf 64' lang='lat' dir='ltr'><strong>ciseio</strong></span> <span class='ocrx_word' id='word_1_160' title='bbox 497 2381 534 2448; x_wconf 79' lang='lat' dir='ltr'><strong>roi</strong></span> <span class='ocrx_word' id='word_1_161' title='bbox 548 2388 653 2466; x_wconf 70' lang='grc' dir='ltr'><strong><em>πρῶτα</em></strong></span> <span class='ocrx_word' id='word_1_162' title='bbox 668 2388 807 2466; x_wconf 82' lang='grc' dir='ltr'><strong><em>θεμείλια</em></strong></span> <span class='ocrx_word' id='word_1_163' title='bbox 820 2384 936 2467; x_wconf 80' lang='grc' dir='ltr'><strong><em>πήξατο</em></strong></span> <span class='ocrx_word' id='word_1_164' title='bbox 949 2390 1040 2465; x_wconf 74' lang='grc' dir='ltr'><strong><em>νηοῦ,</em></strong></span> 
     </span>
     <span class='ocr_line' id='line_1_25' title="bbox 285 2460 1030 2555; baseline 0.005 -24"><span class='ocrx_word' id='word_1_165' title='bbox 285 2460 467 2550; x_wconf 74' lang='grc' dir='ltr'><strong><em>είααμᾶτων</em></strong></span> <span class='ocrx_word' id='word_1_166' title='bbox 483 2472 631 2555; x_wconf 77' lang='grc' dir='ltr'><strong><em>βουλῇσιν</em></strong></span> <span class='ocrx_word' id='word_1_167' title='bbox 645 2466 851 2552; x_wconf 64' lang='lat' dir='ltr'><strong>duodeciacus</strong></span> <span class='ocrx_word' id='word_1_168' title='bbox 864 2464 1030 2553; x_wconf 77' lang='grc' dir='ltr'><strong><em>βασιλήων,</em></strong></span> 
     </span>
     <span class='ocr_line' id='line_1_26' title="bbox 120 2563 1226 2655; baseline 0.001 -25"><span class='ocrx_word' id='word_1_169' title='bbox 120 2570 170 2630; x_wconf 88' lang='lat' dir='ltr'><strong>cui</strong></span> <span class='ocrx_word' id='word_1_170' title='bbox 184 2572 490 2651; x_wconf 78' lang='lat' dir='ltr'><strong>succinit&#39;Procopins</strong></span> <span class='ocrx_word' id='word_1_171' title='bbox 505 2569 542 2631; x_wconf 90' lang='lat' dir='ltr'><strong>de</strong></span> <span class='ocrx_word' id='word_1_172' title='bbox 555 2571 657 2631; x_wconf 80' lang='lat' dir='ltr'><strong>Aedis.</strong></span> <span class='ocrx_word' id='word_1_173' title='bbox 673 2574 692 2636; x_wconf 95' lang='lat'>1</span> <span class='ocrx_word' id='word_1_174' title='bbox 717 2577 753 2637; x_wconf 81' lang='lat'><strong>1:</strong></span> <span class='ocrx_word' id='word_1_175' title='bbox 775 2569 848 2647; x_wconf 77' lang='grc' dir='ltr'><strong><em>τοιίς</em></strong></span> <span class='ocrx_word' id='word_1_176' title='bbox 860 2574 994 2655; x_wconf 73' lang='grc' dir='ltr'><strong><em>τεχνίτας</em></strong></span> <span class='ocrx_word' id='word_1_177' title='bbox 1008 2572 1042 2636; x_wconf 77' lang='lat' dir='ltr'><strong>le</strong></span> <span class='ocrx_word' id='word_1_178' title='bbox 1057 2563 1157 2651; x_wconf 67' lang='grc' dir='ltr'><strong><em>πάσης</em></strong></span> <span class='ocrx_word' id='word_1_179' title='bbox 1169 2574 1226 2653; x_wconf 81' lang='grc' dir='ltr'><strong><em>γῆς</em></strong></span> 
     </span>
     <span class='ocr_line' id='line_1_27' title="bbox 118 2652 1226 2745; baseline 0 -25"><span class='ocrx_word' id='word_1_180' title='bbox 118 2654 241 2738; x_wconf 74' lang='grc' dir='ltr'><strong><em>ἤγειρεν</em></strong></span> <span class='ocrx_word' id='word_1_181' title='bbox 254 2652 404 2730; x_wconf 78' lang='grc' dir='ltr'><strong><em>ἅπαντας·</em></strong></span> <span class='ocrx_word' id='word_1_182' title='bbox 425 2652 585 2739; x_wconf 79' lang='grc' dir='ltr'><strong><em>Ἀυθίμιος</em></strong></span> <span class='ocrx_word' id='word_1_183' title='bbox 597 2655 631 2721; x_wconf 79' lang='grc' dir='ltr'><strong>δὲ</strong></span> <span class='ocrx_word' id='word_1_184' title='bbox 643 2654 825 2739; x_wconf 71' lang='grc' dir='ltr'><strong><em>Τραλλιανός</em></strong></span> <span class='ocrx_word' id='word_1_185' title='bbox 836 2656 886 2722; x_wconf 72' lang='lat' dir='ltr'><strong>tot</strong></span> <span class='ocrx_word' id='word_1_186' title='bbox 899 2661 994 2745; x_wconf 72' lang='grc' dir='ltr'><strong><em>σοφίη</em></strong></span> <span class='ocrx_word' id='word_1_187' title='bbox 1005 2662 1044 2745; x_wconf 77' lang='grc' dir='ltr'><strong><em>τῇ</em></strong></span> <span class='ocrx_word' id='word_1_188' title='bbox 1054 2656 1226 2741; x_wconf 72' lang='grc' dir='ltr'><strong><em>καλουμένη</em></strong></span> 
     </span>
     <span class='ocr_line' id='line_1_28' title="bbox 118 2736 1225 2827; baseline 0 -23"><span class='ocrx_word' id='word_1_189' title='bbox 118 2746 275 2827; x_wconf 75' lang='grc' dir='ltr'><strong><em>μηχανικῇ</em></strong></span> <span class='ocrx_word' id='word_1_190' title='bbox 294 2738 491 2823; x_wconf 70' lang='grc' dir='ltr'><strong><em>λογιώτατος,</em></strong></span> <span class='ocrx_word' id='word_1_191' title='bbox 518 2737 558 2806; x_wconf 78' lang='lat' dir='ltr'><strong>ori</strong></span> <span class='ocrx_word' id='word_1_192' title='bbox 575 2747 636 2807; x_wconf 77' lang='lat' dir='ltr'><strong>cciv</strong></span> <span class='ocrx_word' id='word_1_193' title='bbox 658 2738 728 2806; x_wconf 79' lang='grc' dir='ltr'><strong><em>κατ’</em></strong></span> <span class='ocrx_word' id='word_1_194' title='bbox 747 2739 841 2809; x_wconf 80' lang='grc' dir='ltr'><strong><em>αιίτὸν</em></strong></span> <span class='ocrx_word' id='word_1_195' title='bbox 864 2738 957 2825; x_wconf 78' lang='grc' dir='ltr'><strong><em>μὸνον</em></strong></span> <span class='ocrx_word' id='word_1_196' title='bbox 980 2740 1125 2807; x_wconf 82' lang='grc' dir='ltr'><strong><em>οίποίντων</em></strong></span> <span class='ocrx_word' id='word_1_197' title='bbox 1150 2736 1225 2804; x_wconf 78' lang='grc' dir='ltr'><strong><em>α’λλᾶ</em></strong></span> 
     </span>
     <span class='ocr_line' id='line_1_29' title="bbox 118 2821 1226 2914; baseline 0 -25"><span class='ocrx_word' id='word_1_198' title='bbox 118 2826 172 2889; x_wconf 73' lang='grc' dir='ltr'><strong><em>παὶ</em></strong></span> <span class='ocrx_word' id='word_1_199' title='bbox 201 2831 264 2889; x_wconf 79' lang='grc' dir='ltr'><strong><em>τοῖν</em></strong></span> <span class='ocrx_word' id='word_1_200' title='bbox 290 2821 386 2891; x_wconf 80' lang='grc' dir='ltr'><strong><em>ου’τοῦ</em></strong></span> <span class='ocrx_word' id='word_1_201' title='bbox 410 2828 675 2912; x_wconf 78' lang='grc' dir='ltr'><strong><em>προγεγενημίνων</em></strong></span> <span class='ocrx_word' id='word_1_202' title='bbox 702 2832 820 2914; x_wconf 76' lang='grc' dir='ltr'><strong><em>πολλῷ,</em></strong></span> <span class='ocrx_word' id='word_1_203' title='bbox 852 2852 888 2914; x_wconf 87' lang='grc' dir='ltr'><strong><em>τη</em></strong></span> <span class='ocrx_word' id='word_1_204' title='bbox 913 2826 1058 2909; x_wconf 73' lang='grc' dir='ltr'><strong><em>βασιλέως</em></strong></span> <span class='ocrx_word' id='word_1_205' title='bbox 1078 2821 1226 2907; x_wconf 73' lang='grc' dir='ltr'><strong><em>ν’ποιίργιι</em></strong></span> 
     </span>
     <span class='ocr_line' id='line_1_30' title="bbox 119 2910 1226 2996; baseline -0.002 -21"><span class='ocrx_word' id='word_1_206' title='bbox 119 2914 259 2996; x_wconf 79' lang='grc' dir='ltr'><strong><em>σπουδῇ,</em></strong></span> <span class='ocrx_word' id='word_1_207' title='bbox 280 2919 344 2985; x_wconf 85' lang='grc' dir='ltr'><strong><em>τοῖς</em></strong></span> <span class='ocrx_word' id='word_1_208' title='bbox 358 2912 600 2994; x_wconf 78' lang='grc' dir='ltr'><strong><em>τεκταινομένοις</em></strong></span> <span class='ocrx_word' id='word_1_209' title='bbox 615 2910 652 2976; x_wconf 78' lang='lat' dir='ltr'><strong>vd</strong></span> <span class='ocrx_word' id='word_1_210' title='bbox 668 2912 739 2996; x_wconf 73' lang='grc' dir='ltr'><strong><em>ἔργα</em></strong></span> <span class='ocrx_word' id='word_1_211' title='bbox 759 2914 930 2994; x_wconf 67' lang='grc' dir='ltr'><strong><em>ῥυθμίζων,</em></strong></span> <span class='ocrx_word' id='word_1_212' title='bbox 958 2917 1020 2976; x_wconf 75' lang='grc' dir='ltr'><strong><em>τῶν</em></strong></span> <span class='ocrx_word' id='word_1_213' title='bbox 1043 2935 1075 2975; x_wconf 84' lang='grc' dir='ltr'><strong><em>τε</em></strong></span> <span class='ocrx_word' id='word_1_214' title='bbox 1096 2930 1226 2993; x_wconf 81' lang='grc' dir='ltr'><strong><em>γενησο-</em></strong></span> 
     </span>
     <span class='ocr_line' id='line_1_31' title="bbox 118 2992 1224 3078; baseline -0.005 -18"><span class='ocrx_word' id='word_1_215' title='bbox 118 2996 221 3078; x_wconf 74' lang='grc' dir='ltr'><strong><em>μένων</em></strong></span> <span class='ocrx_word' id='word_1_216' title='bbox 241 2992 508 3075; x_wconf 76' lang='grc' dir='ltr'><strong><em>προδιασκευᾶζων</em></strong></span> <span class='ocrx_word' id='word_1_217' title='bbox 526 2993 701 3077; x_wconf 75' lang='grc' dir='ltr'><strong><em>ἰνδάλματα.</em></strong></span> <span class='ocrx_word' id='word_1_218' title='bbox 744 2996 782 3057; x_wconf 89' lang='lat' dir='ltr'><strong>de</strong></span> <span class='ocrx_word' id='word_1_219' title='bbox 795 2994 958 3059; x_wconf 87' lang='lat' dir='ltr'><strong>Anthemio</strong></span> <span class='ocrx_word' id='word_1_220' title='bbox 977 3001 1069 3057; x_wconf 86' lang='lat' dir='ltr'><strong>etiam</strong></span> <span class='ocrx_word' id='word_1_221' title='bbox 1087 2996 1224 3076; x_wconf 86' lang='lat' dir='ltr'><strong>pluribus</strong></span> 
     </span>
     <span class='ocr_line' id='line_1_32' title="bbox 119 3080 1224 3162; baseline -0.002 -21"><span class='ocrx_word' id='word_1_222' title='bbox 119 3086 184 3162; x_wconf 83' lang='lat' dir='ltr'><strong>egit</strong></span> <span class='ocrx_word' id='word_1_223' title='bbox 202 3080 352 3161; x_wconf 83' lang='lat' dir='ltr'><strong>Agathias</strong></span> <span class='ocrx_word' id='word_1_224' title='bbox 372 3084 427 3143; x_wconf 85' lang='lat' dir='ltr'><strong>lib.</strong></span> <span class='ocrx_word' id='word_1_225' title='bbox 441 3084 477 3159; x_wconf 87' lang='lat'><strong>5,</strong></span> <span class='ocrx_word' id='word_1_226' title='bbox 501 3095 531 3142; x_wconf 90' lang='lat' dir='ltr'><strong>et</strong></span> <span class='ocrx_word' id='word_1_227' title='bbox 549 3095 583 3143; x_wconf 91' lang='lat' dir='ltr'><strong>ut</strong></span> <span class='ocrx_word' id='word_1_228' title='bbox 602 3103 665 3142; x_wconf 89' lang='lat' dir='ltr'><strong>non</strong></span> <span class='ocrx_word' id='word_1_229' title='bbox 683 3082 774 3143; x_wconf 91' lang='lat' dir='ltr'><strong>modo</strong></span> <span class='ocrx_word' id='word_1_230' title='bbox 792 3087 824 3141; x_wconf 95' lang='lat' dir='ltr'><strong>iu</strong></span> <span class='ocrx_word' id='word_1_231' title='bbox 844 3081 918 3144; x_wconf 87' lang='lat' dir='ltr'><strong>aede</strong></span> <span class='ocrx_word' id='word_1_232' title='bbox 934 3081 1090 3142; x_wconf 89' lang='lat' dir='ltr'><strong>condenda</strong></span> <span class='ocrx_word' id='word_1_233' title='bbox 1105 3083 1224 3161; x_wconf 89' lang='lat' dir='ltr'><strong>praeci-</strong></span> 
     </span>
     <span class='ocr_line' id='line_1_33' title="bbox 118 3166 1223 3250; baseline -0.004 -23"><span class='ocrx_word' id='word_1_234' title='bbox 118 3189 199 3249; x_wconf 83' lang='lat' dir='ltr'><strong>puus</strong></span> <span class='ocrx_word' id='word_1_235' title='bbox 215 3166 339 3229; x_wconf 85' lang='lat' dir='ltr'><strong>habitus</strong></span> <span class='ocrx_word' id='word_1_236' title='bbox 358 3172 414 3245; x_wconf 89' lang='lat' dir='ltr'><strong>eit,</strong></span> <span class='ocrx_word' id='word_1_237' title='bbox 435 3166 534 3228; x_wconf 90' lang='lat' dir='ltr'><strong>sedet</strong></span> <span class='ocrx_word' id='word_1_238' title='bbox 549 3170 628 3227; x_wconf 91' lang='lat' dir='ltr'><strong>utin</strong></span> <span class='ocrx_word' id='word_1_239' title='bbox 643 3180 705 3227; x_wconf 81' lang='lat' dir='ltr'><strong>arte</strong></span> <span class='ocrx_word' id='word_1_240' title='bbox 719 3189 810 3250; x_wconf 88' lang='lat' dir='ltr'><strong>quam</strong></span> <span class='ocrx_word' id='word_1_241' title='bbox 822 3166 1030 3227; x_wconf 83' lang='lat' dir='ltr'><strong>mechanicam</strong></span> <span class='ocrx_word' id='word_1_242' title='bbox 1044 3178 1152 3228; x_wconf 85' lang='lat' dir='ltr'><strong>vocant</strong></span> <span class='ocrx_word' id='word_1_243' title='bbox 1166 3186 1223 3224; x_wconf 83' lang='lat' dir='ltr'><strong>ex-</strong></span> 
     </span>
     <span class='ocr_line' id='line_1_34' title="bbox 119 3254 1223 3333; baseline -0.001 -21"><span class='ocrx_word' id='word_1_244' title='bbox 119 3255 277 3329; x_wconf 85' lang='lat' dir='ltr'><strong>celluerit,</strong></span> <span class='ocrx_word' id='word_1_245' title='bbox 306 3257 350 3312; x_wconf 89' lang='lat' dir='ltr'><strong>ita</strong></span> <span class='ocrx_word' id='word_1_246' title='bbox 368 3264 403 3313; x_wconf 90' lang='lat' dir='ltr'><strong>ut</strong></span> <span class='ocrx_word' id='word_1_247' title='bbox 426 3264 456 3314; x_wconf 83' lang='lat' dir='ltr'><strong>et</strong></span> <span class='ocrx_word' id='word_1_248' title='bbox 475 3265 572 3313; x_wconf 87' lang='lat' dir='ltr'><strong>terrae</strong></span> <span class='ocrx_word' id='word_1_249' title='bbox 591 3266 690 3313; x_wconf 87' lang='lat' dir='ltr'><strong>motus</strong></span> <span class='ocrx_word' id='word_1_250' title='bbox 712 3254 864 3315; x_wconf 74' lang='lat' dir='ltr'><strong>naturales</strong></span> <span class='ocrx_word' id='word_1_251' title='bbox 885 3266 915 3313; x_wconf 88' lang='lat' dir='ltr'><strong>et</strong></span> <span class='ocrx_word' id='word_1_252' title='bbox 935 3254 1055 3333; x_wconf 86' lang='lat' dir='ltr'><strong>fulgura</strong></span> <span class='ocrx_word' id='word_1_253' title='bbox 1074 3257 1139 3333; x_wconf 86' lang='lat' dir='ltr'><strong>ipsa</strong></span> <span class='ocrx_word' id='word_1_254' title='bbox 1160 3263 1223 3311; x_wconf 85' lang='lat' dir='ltr'><strong>arte</strong></span> 
     </span>
     <span class='ocr_line' id='line_1_35' title="bbox 118 3332 1223 3419; baseline 0 -22"><span class='ocrx_word' id='word_1_255' title='bbox 118 3340 298 3397; x_wconf 86' lang='lat' dir='ltr'><strong>imitaretur.</strong></span> <span class='ocrx_word' id='word_1_256' title='bbox 340 3338 422 3398; x_wconf 89' lang='lat' dir='ltr'><strong>unde</strong></span> <span class='ocrx_word' id='word_1_257' title='bbox 439 3340 517 3399; x_wconf 82' lang='lat' dir='ltr'><strong>forte</strong></span> <span class='ocrx_word' id='word_1_258' title='bbox 537 3338 637 3399; x_wconf 88' lang='lat' dir='ltr'><strong>eidem</strong></span> <span class='ocrx_word' id='word_1_259' title='bbox 654 3341 962 3419; x_wconf 69' lang='lat' dir='ltr'><strong>silentiariopartess</strong></span> <span class='ocrx_word' id='word_1_260' title='bbox 985 3360 1014 3399; x_wconf 86' lang='lat' dir='ltr'><strong>v.</strong></span> <span class='ocrx_word' id='word_1_261' title='bbox 1029 3340 1092 3404; x_wconf 75' lang='lat'><strong>235</strong></span> <span class='ocrx_word' id='word_1_262' title='bbox 1114 3332 1223 3399; x_wconf 79' lang='grc' dir='ltr'><strong><em>Ἀνθί-</em></strong></span> 
     </span>
     <span class='ocr_line' id='line_1_36' title="bbox 118 3416 1222 3507; baseline -0.006 -19"><span class='ocrx_word' id='word_1_263' title='bbox 118 3447 190 3507; x_wconf 83' lang='grc' dir='ltr'><strong><em>μιας</em></strong></span> <span class='ocrx_word' id='word_1_264' title='bbox 209 3416 425 3505; x_wconf 78' lang='grc' dir='ltr'><strong><em>πολυμήχανος</em></strong></span> <span class='ocrx_word' id='word_1_265' title='bbox 445 3422 563 3484; x_wconf 90' lang='lat' dir='ltr'><strong>dicitur.</strong></span> <span class='ocrx_word' id='word_1_266' title='bbox 604 3445 703 3507; x_wconf 91' lang='lat' dir='ltr'><strong>neque</strong></span> <span class='ocrx_word' id='word_1_267' title='bbox 726 3426 803 3484; x_wconf 86' lang='lat' dir='ltr'><strong>alius</strong></span> <span class='ocrx_word' id='word_1_268' title='bbox 827 3436 871 3484; x_wconf 86' lang='lat' dir='ltr'><strong>est</strong></span> <span class='ocrx_word' id='word_1_269' title='bbox 895 3426 986 3484; x_wconf 89' lang='lat' dir='ltr'><strong>abeo</strong></span> <span class='ocrx_word' id='word_1_270' title='bbox 1006 3428 1059 3506; x_wconf 93' lang='lat' dir='ltr'><strong>qui</strong></span> <span class='ocrx_word' id='word_1_271' title='bbox 1074 3444 1092 3481; x_wconf 92' lang='lat' dir='ltr'><strong>a</strong></span> <span class='ocrx_word' id='word_1_272' title='bbox 1106 3421 1222 3483; x_wconf 82' lang='lat' dir='ltr'><strong>Codino</strong></span> 
     </span>
     <span class='ocr_line' id='line_1_37' title="bbox 117 3505 1221 3592; baseline -0.006 -20"><span class='ocrx_word' id='word_1_273' title='bbox 117 3512 253 3592; x_wconf 80' lang='grc' dir='ltr'><strong><em>μαΐστωρ</em></strong></span> <span class='ocrx_word' id='word_1_274' title='bbox 271 3505 437 3589; x_wconf 72' lang='grc' dir='ltr'><strong><em>μηχανικός</em></strong></span> <span class='ocrx_word' id='word_1_275' title='bbox 458 3510 636 3590; x_wconf 88' lang='lat' dir='ltr'><strong>appellatur.</strong></span> <span class='ocrx_word' id='word_1_276' title='bbox 680 3508 718 3569; x_wconf 90' lang='lat' dir='ltr'><strong>de</strong></span> <span class='ocrx_word' id='word_1_277' title='bbox 739 3509 854 3569; x_wconf 86' lang='lat' dir='ltr'><strong>Isidoro</strong></span> <span class='ocrx_word' id='word_1_278' title='bbox 871 3524 943 3569; x_wconf 83' lang='lat' dir='ltr'><strong>vero</strong></span> <span class='ocrx_word' id='word_1_279' title='bbox 960 3508 1044 3569; x_wconf 86' lang='lat' dir='ltr'><strong>idem</strong></span> <span class='ocrx_word' id='word_1_280' title='bbox 1057 3510 1221 3587; x_wconf 87' lang='lat' dir='ltr'><strong>Procopius</strong></span> 
     </span>
     <span class='ocr_line' id='line_1_38' title="bbox 117 3588 1290 3681; baseline 0.001 -29"><span class='ocrx_word' id='word_1_281' title='bbox 117 3596 163 3653; x_wconf 82' lang='lat' dir='ltr'><strong>sic</strong></span> <span class='ocrx_word' id='word_1_282' title='bbox 177 3596 236 3654; x_wconf 89' lang='lat' dir='ltr'><strong>ait:</strong></span> <span class='ocrx_word' id='word_1_283' title='bbox 258 3594 312 3656; x_wconf 81' lang='grc' dir='ltr'><strong><em>παλ</em></strong></span> <span class='ocrx_word' id='word_1_284' title='bbox 328 3592 532 3677; x_wconf 82' lang='grc' dir='ltr'><strong><em>μηχανοποιὸς</em></strong></span> <span class='ocrx_word' id='word_1_285' title='bbox 548 3590 606 3657; x_wconf 73' lang='grc' dir='ltr'><strong><em>στίν</em></strong></span> <span class='ocrx_word' id='word_1_286' title='bbox 623 3588 705 3681; x_wconf 71' lang='lat' dir='ltr'><strong>edroi</strong></span> <span class='ocrx_word' id='word_1_287' title='bbox 720 3594 835 3678; x_wconf 71' lang='grc' dir='ltr'><strong><em>ἕτερος,</em></strong></span> <span class='ocrx_word' id='word_1_288' title='bbox 855 3588 1001 3678; x_wconf 77' lang='grc' dir='ltr'><strong><em>Ὶσίόωρος</em></strong></span> <span class='ocrx_word' id='word_1_289' title='bbox 1016 3590 1130 3674; x_wconf 78' lang='grc' dir='ltr'><strong><em>ὄνομα,</em></strong></span> <span class='ocrx_word' id='word_1_290' title='bbox 1153 3597 1222 3653; x_wconf 88' lang='grc' dir='ltr'><strong><em>Μι-</em></strong></span> <span class='ocrx_word' id='word_1_291' title='bbox 1285 3634 1290 3643; x_wconf 81' lang='lat'><strong>,</strong></span> 
     </span>
     <span class='ocr_line' id='line_1_39' title="bbox 116 3675 1223 3765; baseline -0.003 -23"><span class='ocrx_word' id='word_1_292' title='bbox 116 3675 224 3759; x_wconf 81' lang='grc' dir='ltr'><strong><em>λη’σιος</em></strong></span> <span class='ocrx_word' id='word_1_293' title='bbox 234 3676 270 3743; x_wconf 72' lang='grc' dir='ltr'><strong><em>τὰ</em></strong></span> <span class='ocrx_word' id='word_1_294' title='bbox 283 3678 380 3760; x_wconf 77' lang='grc' dir='ltr'><strong><em>γένος,</em></strong></span> <span class='ocrx_word' id='word_1_295' title='bbox 401 3681 527 3761; x_wconf 76' lang='grc' dir='ltr'><strong><em>ἔμφρων</em></strong></span> <span class='ocrx_word' id='word_1_296' title='bbox 538 3703 570 3742; x_wconf 87' lang='grc' dir='ltr'><strong><em>τε</em></strong></span> <span class='ocrx_word' id='word_1_297' title='bbox 582 3676 679 3754; x_wconf 67' lang='grc' dir='ltr'><strong><em>ἄλλως</em></strong></span> <span class='ocrx_word' id='word_1_298' title='bbox 691 3680 744 3743; x_wconf 83' lang='grc' dir='ltr'><strong><em>καί</em></strong></span> <span class='ocrx_word' id='word_1_299' title='bbox 758 3681 883 3761; x_wconf 80' lang='grc' dir='ltr'><strong><em>πρέπων</em></strong></span> <span class='ocrx_word' id='word_1_300' title='bbox 894 3676 1093 3765; x_wconf 71' lang='grc' dir='ltr'><strong><em>Ὶοοστιυιανηῖ</em></strong></span> <span class='ocrx_word' id='word_1_301' title='bbox 1103 3676 1223 3759; x_wconf 74' lang='grc' dir='ltr'><strong><em>ίπουρ·</em></strong></span> 
     </span>
     <span class='ocr_line' id='line_1_40' title="bbox 115 3766 993 3848; baseline -0.005 -19"><span class='ocrx_word' id='word_1_302' title='bbox 115 3771 183 3848; x_wconf 78' lang='grc' dir='ltr'><strong><em>χεῖν</em></strong></span> <span class='ocrx_word' id='word_1_303' title='bbox 196 3768 327 3848; x_wconf 72' lang='grc' dir='ltr'><strong><em>βασιλεῖ.</em></strong></span> <span class='ocrx_word' id='word_1_304' title='bbox 369 3775 401 3826; x_wconf 88' lang='lat' dir='ltr'><strong>et</strong></span> <span class='ocrx_word' id='word_1_305' title='bbox 415 3766 529 3827; x_wconf 86' lang='lat' dir='ltr'><strong>Paulus</strong></span> <span class='ocrx_word' id='word_1_306' title='bbox 540 3766 728 3826; x_wconf 71' lang='lat' dir='ltr'><strong>silentiarius</strong></span> <span class='ocrx_word' id='word_1_307' title='bbox 742 3776 820 3846; x_wconf 86' lang='lat' dir='ltr'><strong>part.</strong></span> <span class='ocrx_word' id='word_1_308' title='bbox 832 3768 853 3828; x_wconf 85' lang='lat'><strong>2</strong></span> <span class='ocrx_word' id='word_1_309' title='bbox 866 3786 896 3827; x_wconf 79' lang='lat' dir='ltr'><strong>v.</strong></span> <span class='ocrx_word' id='word_1_310' title='bbox 914 3768 993 3831; x_wconf 84' lang='lat'><strong>136:</strong></span> 
     </span>
     <span class='ocr_line' id='line_1_41' title="bbox 608 3860 883 3949; baseline -0.011 -19"><span class='ocrx_word' id='word_1_311' title='bbox 608 3860 658 3949; x_wconf 75' lang='grc' dir='ltr'><strong>’ἦν</strong></span> <span class='ocrx_word' id='word_1_312' title='bbox 674 3865 709 3930; x_wconf 77' lang='grc' dir='ltr'><strong>δὲ</strong></span> <span class='ocrx_word' id='word_1_313' title='bbox 723 3864 782 3931; x_wconf 75' lang='grc' dir='ltr'><strong><em>στίν</em></strong></span> <span class='ocrx_word' id='word_1_314' title='bbox 798 3860 883 3949; x_wconf 68' lang='lat' dir='ltr'><strong>crisci</strong></span> 
     </span>
     <span class='ocr_line' id='line_1_42' title="bbox 252 3946 868 4036; baseline -0.003 -22"><span class='ocrx_word' id='word_1_315' title='bbox 252 3981 257 3991; x_wconf 91' lang='lat'><strong>·</strong></span> <span class='ocrx_word' id='word_1_316' title='bbox 283 3946 447 4031; x_wconf 72' lang='grc' dir='ltr'><strong><em>πανσυφος</em></strong></span> <span class='ocrx_word' id='word_1_317' title='bbox 457 3946 606 4036; x_wconf 77' lang='grc' dir='ltr'><strong><em>Ἰσίδωρος</em></strong></span> <span class='ocrx_word' id='word_1_318' title='bbox 624 3953 702 4033; x_wconf 80' lang='grc' dir='ltr'><strong><em>ἔχων</em></strong></span> <span class='ocrx_word' id='word_1_319' title='bbox 716 3948 794 4016; x_wconf 84' lang='grc' dir='ltr'><strong><em>νόον</em></strong></span> <span class='ocrx_word' id='word_1_320' title='bbox 811 3962 868 4011; x_wconf 86' lang='lat' dir='ltr'><strong>etc.</strong></span> 
     </span>
    </p>

    <p class='ocr_par' dir='ltr' id='par_1_13' title="bbox 114 4048 1220 4305">
     <span class='ocr_line' id='line_1_43' title="bbox 114 4048 1220 4135; baseline -0.006 -22"><span class='ocrx_word' id='word_1_321' title='bbox 114 4054 274 4135; x_wconf 82' lang='lat' dir='ltr'><strong>utriusque</strong></span> <span class='ocrx_word' id='word_1_322' title='bbox 296 4065 452 4133; x_wconf 83' lang='lat' dir='ltr'><strong>praeterea</strong></span> <span class='ocrx_word' id='word_1_323' title='bbox 473 4057 613 4114; x_wconf 86' lang='lat' dir='ltr'><strong>meminit</strong></span> <span class='ocrx_word' id='word_1_324' title='bbox 631 4054 715 4113; x_wconf 88' lang='lat' dir='ltr'><strong>idem</strong></span> <span class='ocrx_word' id='word_1_325' title='bbox 735 4054 897 4133; x_wconf 78' lang='lat' dir='ltr'><strong>Procopius</strong></span> <span class='ocrx_word' id='word_1_326' title='bbox 917 4049 955 4110; x_wconf 91' lang='lat' dir='ltr'><strong>de</strong></span> <span class='ocrx_word' id='word_1_327' title='bbox 969 4048 1105 4115; x_wconf 70' lang='lat' dir='ltr'><strong>sedite</strong></span> <span class='ocrx_word' id='word_1_328' title='bbox 1126 4052 1163 4123; x_wconf 76' lang='lat'><strong>3,</strong></span> <span class='ocrx_word' id='word_1_329' title='bbox 1185 4056 1220 4107; x_wconf 90' lang='lat' dir='ltr'><strong>ut</strong></span> 
     </span>
     <span class='ocr_line' id='line_1_44' title="bbox 115 4133 1219 4219; baseline -0.005 -21"><span class='ocrx_word' id='word_1_330' title='bbox 115 4138 249 4200; x_wconf 73' lang='lat' dir='ltr'><strong>eodinus</strong></span> <span class='ocrx_word' id='word_1_331' title='bbox 262 4138 423 4199; x_wconf 85' lang='lat' dir='ltr'><strong>cuiusdam</strong></span> <span class='ocrx_word' id='word_1_332' title='bbox 434 4142 558 4219; x_wconf 84' lang='lat' dir='ltr'><strong>Ignatii,</strong></span> <span class='ocrx_word' id='word_1_333' title='bbox 580 4144 660 4199; x_wconf 90' lang='lat' dir='ltr'><strong>inter</strong></span> <span class='ocrx_word' id='word_1_334' title='bbox 669 4151 713 4199; x_wconf 86' lang='lat' dir='ltr'><strong>tot</strong></span> <span class='ocrx_word' id='word_1_335' title='bbox 721 4141 882 4219; x_wconf 83' lang='lat' dir='ltr'><strong>magistros</strong></span> <span class='ocrx_word' id='word_1_336' title='bbox 895 4133 1088 4211; x_wconf 84' lang='lat' dir='ltr'><strong>architectos,</strong></span> <span class='ocrx_word' id='word_1_337' title='bbox 1109 4134 1219 4216; x_wconf 81' lang='lat' dir='ltr'><strong>quibus</strong></span> 
     </span>
     <span class='ocr_line' id='line_1_45' title="bbox 115 4223 1217 4305; baseline -0.005 -20"><span class='ocrx_word' id='word_1_338' title='bbox 115 4244 185 4285; x_wconf 85' lang='grc' dir='ltr'><strong><em>αεαι</em></strong></span> <span class='ocrx_word' id='word_1_339' title='bbox 207 4236 256 4286; x_wconf 82' lang='lat' dir='ltr'><strong>est</strong></span> <span class='ocrx_word' id='word_1_340' title='bbox 276 4229 462 4285; x_wconf 82' lang='lat' dir='ltr'><strong>lastinianus</strong></span> <span class='ocrx_word' id='word_1_341' title='bbox 481 4228 515 4284; x_wconf 87' lang='lat' dir='ltr'><strong>in</strong></span> <span class='ocrx_word' id='word_1_342' title='bbox 538 4224 696 4285; x_wconf 86' lang='lat' dir='ltr'><strong>condenda</strong></span> <span class='ocrx_word' id='word_1_343' title='bbox 718 4223 808 4301; x_wconf 88' lang='lat' dir='ltr'><strong>aede,</strong></span> <span class='ocrx_word' id='word_1_344' title='bbox 841 4242 916 4305; x_wconf 84' lang='lat' dir='ltr'><strong>quos</strong></span> <span class='ocrx_word' id='word_1_345' title='bbox 939 4224 1144 4283; x_wconf 89' lang='lat' dir='ltr'><strong>centenarium</strong></span> <span class='ocrx_word' id='word_1_346' title='bbox 1161 4240 1217 4280; x_wconf 84' lang='lat' dir='ltr'><strong>ex·</strong></span> 
     </span>
    </p>
   </div>
   <div class='ocr_carea' id='block_1_5' title="bbox 114 4310 1013 4395">
    <p class='ocr_par' dir='ltr' id='par_1_14' title="bbox 114 4310 1013 4395">
     <span class='ocr_line' id='line_1_46' title="bbox 114 4310 1013 4395; baseline -0.003 -22"><span class='ocrx_word' id='word_1_347' title='bbox 114 4311 211 4388; x_wconf 75' lang='lat' dir='ltr'><strong>plene</strong></span> <span class='ocrx_word' id='word_1_348' title='bbox 223 4331 393 4373; x_wconf 84' lang='lat' dir='ltr'><strong>numerum</strong></span> <span class='ocrx_word' id='word_1_349' title='bbox 404 4310 489 4371; x_wconf 84' lang='lat' dir='ltr'><strong>idem</strong></span> <span class='ocrx_word' id='word_1_350' title='bbox 501 4310 610 4391; x_wconf 86' lang='lat' dir='ltr'><strong>tradit,</strong></span> <span class='ocrx_word' id='word_1_351' title='bbox 632 4310 671 4373; x_wconf 91' lang='lat' dir='ltr'><strong>de</strong></span> <span class='ocrx_word' id='word_1_352' title='bbox 686 4331 748 4395; x_wconf 88' lang='lat' dir='ltr'><strong>quo</strong></span> <span class='ocrx_word' id='word_1_353' title='bbox 764 4310 861 4372; x_wconf 84' lang='lat' dir='ltr'><strong>multa</strong></span> <span class='ocrx_word' id='word_1_354' title='bbox 873 4319 1013 4391; x_wconf 84' lang='lat' dir='ltr'><strong>nugatur.</strong></span> 
     </span>
    </p>
   </div>
   <div class='ocr_carea' id='block_1_6' title="bbox 0 0 1514 4817">
    <p class='ocr_par' dir='ltr' id='par_1_15' title="bbox 0 0 1514 4817">
     <span class='ocr_line' id='line_1_47' title="bbox 0 0 1514 4817; baseline 0 3"><span class='ocrx_word' id='word_1_355' title='bbox 0 0 1514 4817; x_wconf 95' lang='lat' dir='ltr'><strong> </strong></span> 
     </span>
    </p>
   </div>
  </div>
 </body>
</html>
