<?xml version="1.0" encoding="UTF-8"?>
<!DOCTYPE html PUBLIC "-//W3C//DTD XHTML 1.0 Transitional//EN"
    "http://www.w3.org/TR/xhtml1/DTD/xhtml1-transitional.dtd">
<html xmlns="http://www.w3.org/1999/xhtml" xml:lang="en" lang="en">
 <head>
  <title>
</title>
<meta http-equiv="Content-Type" content="text/html;charset=utf-8" />
  <meta name='ocr-system' content='tesseract 3.04.00' />
  <meta name='ocr-capabilities' content='ocr_page ocr_carea ocr_par ocr_line ocrx_word'/>
</head>
<body>
  <div class='ocr_page' id='page_1' title='image "./corpusscriptoru19theogoog/corpusscriptoru19theogoog_0149.png"; bbox 0 0 3017 4817; ppageno 0'>
   <div class='ocr_carea' id='block_1_1' title="bbox 386 241 1242 335">
    <p class='ocr_par' dir='ltr' id='par_1_1' title="bbox 386 241 1242 335">
     <span class='ocr_line' id='line_1_1' title="bbox 386 241 1242 335; baseline 0.004 -21"><span class='ocrx_word' id='word_1_1' title='bbox 386 241 678 335; x_wconf 21' lang='lat' dir='ltr'><strong>&#39;omcnnno</strong></span> <span class='ocrx_word' id='word_1_2' title='bbox 703 244 738 315; x_wconf 85' lang='lat' dir='ltr'><strong>s.</strong></span> <span class='ocrx_word' id='word_1_3' title='bbox 762 244 955 315; x_wconf 74' lang='lat' dir='ltr'><strong>mamas</strong></span> <span class='ocrx_word' id='word_1_4' title='bbox 1086 281 1089 285; x_wconf 91' lang='lat'><em>-</em></span> <span class='ocrx_word' id='word_1_5' title='bbox 1170 246 1242 321; x_wconf 73' lang='lat'><strong>135</strong></span> 
     </span>
    </p>
   </div>
   <div class='ocr_carea' id='block_1_2' title="bbox 140 404 1355 4320">
    <p class='ocr_par' dir='ltr' id='par_1_2' title="bbox 140 404 1329 2780">
     <span class='ocr_line' id='line_1_2' title="bbox 140 404 1241 491; baseline 0.01 -29"><span class='ocrx_word' id='word_1_6' title='bbox 140 412 239 463; x_wconf 88' lang='lat' dir='ltr'><strong>autem</strong></span> <span class='ocrx_word' id='word_1_7' title='bbox 251 405 418 467; x_wconf 85' lang='lat' dir='ltr'><strong>sacrarium</strong></span> <span class='ocrx_word' id='word_1_8' title='bbox 432 404 552 486; x_wconf 79' lang='lat' dir='ltr'>ingredi</span> <span class='ocrx_word' id='word_1_9' title='bbox 566 408 627 469; x_wconf 88' lang='lat' dir='ltr'><strong>illis</strong></span> <span class='ocrx_word' id='word_1_10' title='bbox 643 408 757 483; x_wconf 86' lang='lat' dir='ltr'><strong>liceret,</strong></span> <span class='ocrx_word' id='word_1_11' title='bbox 778 407 1036 491; x_wconf 81' lang='lat' dir='ltr'><strong>quemadmodum</strong></span> <span class='ocrx_word' id='word_1_12' title='bbox 1050 408 1241 473; x_wconf 72' lang='lat' dir='ltr'>subdiaconis</span> 
     </span>
     <span class='ocr_line' id='line_1_3' title="bbox 140 488 1239 571; baseline 0.008 -24"><span class='ocrx_word' id='word_1_13' title='bbox 140 488 243 549; x_wconf 85' lang='lat' dir='ltr'><strong>eadem</strong></span> <span class='ocrx_word' id='word_1_14' title='bbox 255 491 389 552; x_wconf 83' lang='lat' dir='ltr'><strong>bematis</strong></span> <span class='ocrx_word' id='word_1_15' title='bbox 402 495 516 571; x_wconf 77' lang='lat' dir='ltr'><strong>spatia3</strong></span> <span class='ocrx_word' id='word_1_16' title='bbox 546 514 615 551; x_wconf 90' lang='lat' dir='ltr'><strong>cum</strong></span> <span class='ocrx_word' id='word_1_17' title='bbox 636 492 811 553; x_wconf 81' lang='lat' dir='ltr'><strong>subdiaconi</strong></span> <span class='ocrx_word' id='word_1_18' title='bbox 831 506 862 555; x_wconf 92' lang='lat' dir='ltr'><strong>et</strong></span> <span class='ocrx_word' id='word_1_19' title='bbox 874 496 1001 555; x_wconf 82' lang='lat' dir='ltr'><strong>lectores</strong></span> <span class='ocrx_word' id='word_1_20' title='bbox 1013 500 1046 553; x_wconf 88' lang='lat' dir='ltr'><strong>in</strong></span> <span class='ocrx_word' id='word_1_21' title='bbox 1056 497 1139 555; x_wconf 85' lang='lat' dir='ltr'><strong>solea</strong></span> <span class='ocrx_word' id='word_1_22' title='bbox 1153 508 1239 556; x_wconf 82' lang='lat' dir='ltr'><strong>extra</strong></span> 
     </span>
     <span class='ocr_line' id='line_1_4' title="bbox 140 576 1240 653; baseline 0.009 -21"><span class='ocrx_word' id='word_1_23' title='bbox 140 576 263 635; x_wconf 89' lang='lat' dir='ltr'><strong>bematis</strong></span> <span class='ocrx_word' id='word_1_24' title='bbox 284 578 436 637; x_wconf 87' lang='lat' dir='ltr'><strong>cancellos</strong></span> <span class='ocrx_word' id='word_1_25' title='bbox 456 578 668 653; x_wconf 72' lang='lat' dir='ltr'><strong>consisterent,</strong></span> <span class='ocrx_word' id='word_1_26' title='bbox 698 590 731 637; x_wconf 87' lang='lat' dir='ltr'><strong>ut</strong></span> <span class='ocrx_word' id='word_1_27' title='bbox 750 577 838 639; x_wconf 86' lang='lat' dir='ltr'><strong>docet</strong></span> <span class='ocrx_word' id='word_1_28' title='bbox 854 579 939 639; x_wconf 85' lang='lat' dir='ltr'><strong>idem</strong></span> <span class='ocrx_word' id='word_1_29' title='bbox 950 578 1240 641; x_wconf 87' lang='lat' dir='ltr'><strong>Thessalonicensis.</strong></span> 
     </span>
     <span class='ocr_line' id='line_1_5' title="bbox 141 660 1240 745; baseline 0.007 -28"><span class='ocrx_word' id='word_1_30' title='bbox 141 670 223 741; x_wconf 85' lang='lat' dir='ltr'><strong>atque</strong></span> <span class='ocrx_word' id='word_1_31' title='bbox 245 660 320 721; x_wconf 90' lang='lat' dir='ltr'><strong>inde</strong></span> <span class='ocrx_word' id='word_1_32' title='bbox 343 663 494 741; x_wconf 78' lang='lat' dir='ltr'><strong>colligitur</strong></span> <span class='ocrx_word' id='word_1_33' title='bbox 510 662 586 743; x_wconf 89' lang='lat' dir='ltr'><strong>qnid</strong></span> <span class='ocrx_word' id='word_1_34' title='bbox 606 674 716 723; x_wconf 87' lang='lat' dir='ltr'><strong>statuat</strong></span> <span class='ocrx_word' id='word_1_35' title='bbox 734 683 830 723; x_wconf 89' lang='lat' dir='ltr'><strong>canon</strong></span> <span class='ocrx_word' id='word_1_36' title='bbox 847 667 889 728; x_wconf 84' lang='lat'><strong>21</strong></span> <span class='ocrx_word' id='word_1_37' title='bbox 910 664 1019 745; x_wconf 77' lang='lat' dir='ltr'><strong>synodi</strong></span> <span class='ocrx_word' id='word_1_38' title='bbox 1040 664 1240 742; x_wconf 77' lang='lat' dir='ltr'><strong>Laodicenae,</strong></span> 
     </span>
     <span class='ocr_line' id='line_1_6' title="bbox 141 742 1238 811; baseline 0.009 -10"><span class='ocrx_word' id='word_1_39' title='bbox 141 742 208 803; x_wconf 90' lang='lat' dir='ltr'><strong>dum</strong></span> <span class='ocrx_word' id='word_1_40' title='bbox 222 747 342 807; x_wconf 78' lang='lat' dir='ltr'><strong>sitnon</strong></span> <span class='ocrx_word' id='word_1_41' title='bbox 356 750 447 807; x_wconf 77' lang='lat' dir='ltr'><strong>licere</strong></span> <span class='ocrx_word' id='word_1_42' title='bbox 460 748 651 807; x_wconf 73' lang='lat' dir='ltr'><strong>subdiaconis</strong></span> <span class='ocrx_word' id='word_1_43' title='bbox 663 751 741 808; x_wconf 88' lang='lat' dir='ltr'><strong>intra</strong></span> <span class='ocrx_word' id='word_1_44' title='bbox 756 750 884 809; x_wconf 85' lang='lat' dir='ltr'><strong>bematis</strong></span> <span class='ocrx_word' id='word_1_45' title='bbox 898 751 1050 810; x_wconf 88' lang='lat' dir='ltr'><strong>cancellos</strong></span> <span class='ocrx_word' id='word_1_46' title='bbox 1061 753 1238 811; x_wconf 73' lang='lat' dir='ltr'><strong>consistere:</strong></span> 
     </span>
     <span class='ocr_line' id='line_1_7' title="bbox 141 822 1240 919; baseline 0.004 -28"><span class='ocrx_word' id='word_1_47' title='bbox 141 822 176 892; x_wconf 86' lang='grc' dir='ltr'><strong>ου’</strong></span> <span class='ocrx_word' id='word_1_48' title='bbox 192 831 239 892; x_wconf 78' lang='grc' dir='ltr'><strong>δεῖ</strong></span> <span class='ocrx_word' id='word_1_49' title='bbox 251 828 406 913; x_wconf 66' lang='grc' dir='ltr'><strong>ὑπηρέτας</strong></span> <span class='ocrx_word' id='word_1_50' title='bbox 421 825 524 915; x_wconf 66' lang='grc' dir='ltr'><strong><em>χώραν</em></strong></span> <span class='ocrx_word' id='word_1_51' title='bbox 540 832 617 914; x_wconf 67' lang='grc' dir='ltr'><strong><em>ἔχειν</em></strong></span> <span class='ocrx_word' id='word_1_52' title='bbox 631 832 664 896; x_wconf 82' lang='grc' dir='ltr'><strong>ἒν</strong></span> <span class='ocrx_word' id='word_1_53' title='bbox 677 838 721 919; x_wconf 75' lang='lat' dir='ltr'><strong>cpi</strong></span> <span class='ocrx_word' id='word_1_54' title='bbox 732 834 909 919; x_wconf 76' lang='lat' dir='ltr'><strong>drosortxpi:</strong></span> <span class='ocrx_word' id='word_1_55' title='bbox 931 834 965 893; x_wconf 93' lang='lat' dir='ltr'><strong>id</strong></span> <span class='ocrx_word' id='word_1_56' title='bbox 980 838 1061 898; x_wconf 89' lang='lat' dir='ltr'><strong>enim</strong></span> <span class='ocrx_word' id='word_1_57' title='bbox 1081 837 1153 895; x_wconf 88' lang='lat' dir='ltr'><strong>solis</strong></span> <span class='ocrx_word' id='word_1_58' title='bbox 1172 835 1240 895; x_wconf 91' lang='lat' dir='ltr'><strong>dia-</strong></span> 
     </span>
     <span class='ocr_line' id='line_1_8' title="bbox 141 916 1241 1001; baseline 0.006 -28"><span class='ocrx_word' id='word_1_59' title='bbox 141 916 219 974; x_wconf 87' lang='lat' dir='ltr'><strong>conis</strong></span> <span class='ocrx_word' id='word_1_60' title='bbox 232 916 356 976; x_wconf 77' lang='lat' dir='ltr'><strong>licebat.</strong></span> <span class='ocrx_word' id='word_1_61' title='bbox 399 920 442 976; x_wconf 87' lang='lat' dir='ltr'><strong>ita</strong></span> <span class='ocrx_word' id='word_1_62' title='bbox 464 938 554 997; x_wconf 88' lang='lat' dir='ltr'><strong>porro</strong></span> <span class='ocrx_word' id='word_1_63' title='bbox 575 916 657 977; x_wconf 87' lang='lat' dir='ltr'><strong>hunc</strong></span> <span class='ocrx_word' id='word_1_64' title='bbox 678 938 825 978; x_wconf 87' lang='lat' dir='ltr'><strong>canonem</strong></span> <span class='ocrx_word' id='word_1_65' title='bbox 844 918 1023 1000; x_wconf 88' lang='lat' dir='ltr'><strong>capiendum</strong></span> <span class='ocrx_word' id='word_1_66' title='bbox 1042 942 1097 1001; x_wconf 87' lang='lat' dir='ltr'><strong>par</strong></span> <span class='ocrx_word' id='word_1_67' title='bbox 1110 931 1157 981; x_wconf 89' lang='lat' dir='ltr'><strong>est</strong></span> <span class='ocrx_word' id='word_1_68' title='bbox 1173 942 1241 980; x_wconf 88' lang='lat' dir='ltr'><strong>cre-</strong></span> 
     </span>
     <span class='ocr_line' id='line_1_9' title="bbox 142 996 1242 1075; baseline 0.007 -18"><span class='ocrx_word' id='word_1_69' title='bbox 142 996 220 1075; x_wconf 89' lang='lat' dir='ltr'><strong>dere,</strong></span> <span class='ocrx_word' id='word_1_70' title='bbox 247 1004 308 1061; x_wconf 90' lang='lat' dir='ltr'><strong>etsi</strong></span> <span class='ocrx_word' id='word_1_71' title='bbox 321 1003 485 1062; x_wconf 83' lang='lat' dir='ltr'><strong>Balsamon</strong></span> <span class='ocrx_word' id='word_1_72' title='bbox 502 1012 532 1061; x_wconf 91' lang='lat' dir='ltr'><strong>et</strong></span> <span class='ocrx_word' id='word_1_73' title='bbox 552 1006 685 1063; x_wconf 76' lang='lat' dir='ltr'><strong>Zonaras</strong></span> <span class='ocrx_word' id='word_1_74' title='bbox 707 1002 894 1063; x_wconf 82' lang='lat' dir='ltr'><strong>diaconicum</strong></span> <span class='ocrx_word' id='word_1_75' title='bbox 918 1003 956 1063; x_wconf 88' lang='lat' dir='ltr'><strong>de</strong></span> <span class='ocrx_word' id='word_1_76' title='bbox 975 1026 1101 1064; x_wconf 88' lang='lat' dir='ltr'><strong>munere</strong></span> <span class='ocrx_word' id='word_1_77' title='bbox 1121 1004 1242 1065; x_wconf 86' lang='lat' dir='ltr'><strong>diaconi</strong></span> 
     </span>
     <span class='ocr_line' id='line_1_10' title="bbox 141 1086 1240 1167; baseline 0.008 -26"><span class='ocrx_word' id='word_1_78' title='bbox 141 1086 323 1164; x_wconf 77' lang='lat' dir='ltr'><strong>interpretati</strong></span> <span class='ocrx_word' id='word_1_79' title='bbox 340 1090 412 1146; x_wconf 89' lang='lat' dir='ltr'><strong>sint.</strong></span> <span class='ocrx_word' id='word_1_80' title='bbox 454 1089 547 1167; x_wconf 89' lang='lat' dir='ltr'><strong>priori</strong></span> <span class='ocrx_word' id='word_1_81' title='bbox 563 1108 636 1148; x_wconf 88' lang='lat' dir='ltr'><strong>sane</strong></span> <span class='ocrx_word' id='word_1_82' title='bbox 649 1092 815 1148; x_wconf 86' lang='lat' dir='ltr'><strong>sententiae</strong></span> <span class='ocrx_word' id='word_1_83' title='bbox 833 1090 915 1149; x_wconf 81' lang='lat' dir='ltr'><strong>favet</strong></span> <span class='ocrx_word' id='word_1_84' title='bbox 935 1089 1067 1150; x_wconf 87' lang='lat' dir='ltr'><strong>Isidorus</strong></span> <span class='ocrx_word' id='word_1_85' title='bbox 1083 1094 1240 1166; x_wconf 78' lang='lat' dir='ltr'><strong>Mercator,</strong></span> 
     </span>
     <span class='ocr_line' id='line_1_11' title="bbox 141 1168 1245 1257; baseline 0.002 -25"><span class='ocrx_word' id='word_1_86' title='bbox 141 1171 189 1249; x_wconf 82' lang='lat' dir='ltr'><strong>qui</strong></span> <span class='ocrx_word' id='word_1_87' title='bbox 211 1168 386 1234; x_wconf 76' lang='grc' dir='ltr'><strong><em>διακονικὸν</em></strong></span> <span class='ocrx_word' id='word_1_88' title='bbox 408 1175 599 1231; x_wconf 60' lang='lat' dir='ltr'><strong>&amp;oratorium</strong></span> <span class='ocrx_word' id='word_1_89' title='bbox 620 1177 725 1233; x_wconf 87' lang='lat' dir='ltr'><strong>vertit:</strong></span> <span class='ocrx_word' id='word_1_90' title='bbox 765 1178 976 1246; x_wconf 83' lang='lat' dir='ltr'><strong>secretarium,</strong></span> <span class='ocrx_word' id='word_1_91' title='bbox 1007 1178 1126 1257; x_wconf 86' lang='lat' dir='ltr'><strong>inquit,</strong></span> <span class='ocrx_word' id='word_1_92' title='bbox 1161 1178 1245 1255; x_wconf 82' lang='lat' dir='ltr'><strong>qnod</strong></span> 
     </span>
     <span class='ocr_line' id='line_1_12' title="bbox 146 1254 1241 1339; baseline 0.006 -28"><span class='ocrx_word' id='word_1_93' title='bbox 146 1254 250 1313; x_wconf 80' lang='lat' dir='ltr'><strong>Graeci</strong></span> <span class='ocrx_word' id='word_1_94' title='bbox 264 1256 459 1315; x_wconf 68' lang='lat' dir='ltr'><strong>droconicnm</strong></span> <span class='ocrx_word' id='word_1_95' title='bbox 473 1269 594 1332; x_wconf 74' lang='grc' dir='ltr'><strong>νοοοιιι,Ι</strong></span> <span class='ocrx_word' id='word_1_96' title='bbox 618 1278 696 1339; x_wconf 85' lang='lat' dir='ltr'><strong>quse</strong></span> <span class='ocrx_word' id='word_1_97' title='bbox 709 1257 834 1318; x_wconf 87' lang='lat' dir='ltr'><strong>totidem</strong></span> <span class='ocrx_word' id='word_1_98' title='bbox 848 1260 948 1319; x_wconf 86' lang='lat' dir='ltr'><strong>verbis</strong></span> <span class='ocrx_word' id='word_1_99' title='bbox 957 1257 1108 1319; x_wconf 88' lang='lat' dir='ltr'><strong>habentur</strong></span> <span class='ocrx_word' id='word_1_100' title='bbox 1118 1264 1150 1319; x_wconf 90' lang='lat' dir='ltr'><strong>in</strong></span> <span class='ocrx_word' id='word_1_101' title='bbox 1165 1282 1241 1321; x_wconf 85' lang='lat' dir='ltr'><strong>con-</strong></span> 
     </span>
     <span class='ocr_line' id='line_1_13' title="bbox 141 1339 1329 1424; baseline 0.009 -30"><span class='ocrx_word' id='word_1_102' title='bbox 141 1340 204 1397; x_wconf 91' lang='lat' dir='ltr'><strong>cilio</strong></span> <span class='ocrx_word' id='word_1_103' title='bbox 220 1339 394 1419; x_wconf 83' lang='lat' dir='ltr'><strong>Agathensi</strong></span> <span class='ocrx_word' id='word_1_104' title='bbox 409 1362 474 1400; x_wconf 83' lang='lat' dir='ltr'><strong>can.</strong></span> <span class='ocrx_word' id='word_1_105' title='bbox 490 1346 541 1407; x_wconf 85' lang='lat'><strong>66.</strong></span> <span class='ocrx_word' id='word_1_106' title='bbox 564 1346 607 1401; x_wconf 91' lang='lat' dir='ltr'><strong>ita</strong></span> <span class='ocrx_word' id='word_1_107' title='bbox 623 1352 657 1401; x_wconf 90' lang='lat' dir='ltr'><strong>ut</strong></span> <span class='ocrx_word' id='word_1_108' title='bbox 673 1363 729 1424; x_wconf 90' lang='lat' dir='ltr'><strong>per</strong></span> <span class='ocrx_word' id='word_1_109' title='bbox 740 1346 932 1403; x_wconf 58' lang='lat' dir='ltr'><strong>emesenum</strong></span> <span class='ocrx_word' id='word_1_110' title='bbox 952 1344 1132 1404; x_wconf 85' lang='lat' dir='ltr'><strong>conchulam</strong></span> <span class='ocrx_word' id='word_1_111' title='bbox 1147 1348 1241 1404; x_wconf 86' lang='lat' dir='ltr'><strong>intel·</strong></span> <span class='ocrx_word' id='word_1_112' title='bbox 1327 1361 1329 1366; x_wconf 84' lang='lat'>&#39;</span> 
     </span>
     <span class='ocr_line' id='line_1_14' title="bbox 141 1423 1240 1510; baseline 0.006 -29"><span class='ocrx_word' id='word_1_113' title='bbox 141 1423 251 1499; x_wconf 84' lang='lat' dir='ltr'><strong>lexerit,</strong></span> <span class='ocrx_word' id='word_1_114' title='bbox 274 1444 374 1507; x_wconf 87' lang='lat' dir='ltr'><strong>quam</strong></span> <span class='ocrx_word' id='word_1_115' title='bbox 389 1428 495 1486; x_wconf 85' lang='lat' dir='ltr'><strong>Graeci</strong></span> <span class='ocrx_word' id='word_1_116' title='bbox 512 1426 703 1486; x_wconf 74' lang='grc' dir='ltr'><strong><em>άὰιοοιιίοιιηι</em></strong></span> <span class='ocrx_word' id='word_1_117' title='bbox 715 1442 907 1508; x_wconf 87' lang='lat' dir='ltr'><strong>nuncupant,</strong></span> <span class='ocrx_word' id='word_1_118' title='bbox 930 1449 1008 1510; x_wconf 86' lang='lat' dir='ltr'><strong>quae</strong></span> <span class='ocrx_word' id='word_1_119' title='bbox 1025 1451 1044 1489; x_wconf 85' lang='lat' dir='ltr'><strong>a</strong></span> <span class='ocrx_word' id='word_1_120' title='bbox 1059 1430 1193 1490; x_wconf 87' lang='lat' dir='ltr'><strong>diaconis</strong></span> <span class='ocrx_word' id='word_1_121' title='bbox 1207 1432 1240 1488; x_wconf 89' lang='lat' dir='ltr'><strong>in</strong></span> 
     </span>
     <span class='ocr_line' id='line_1_15' title="bbox 142 1510 1241 1593; baseline 0.006 -27"><span class='ocrx_word' id='word_1_122' title='bbox 142 1528 174 1567; x_wconf 89' lang='lat' dir='ltr'><strong>ea</strong></span> <span class='ocrx_word' id='word_1_123' title='bbox 186 1510 428 1571; x_wconf 85' lang='lat' dir='ltr'><strong>ministrantibus</strong></span> <span class='ocrx_word' id='word_1_124' title='bbox 444 1532 555 1571; x_wconf 90' lang='lat' dir='ltr'><strong>nomen</strong></span> <span class='ocrx_word' id='word_1_125' title='bbox 575 1516 720 1593; x_wconf 85' lang='lat' dir='ltr'><strong>sumpsit,</strong></span> <span class='ocrx_word' id='word_1_126' title='bbox 753 1516 798 1572; x_wconf 88' lang='lat' dir='ltr'><strong>uti</strong></span> <span class='ocrx_word' id='word_1_127' title='bbox 817 1515 1051 1575; x_wconf 83' lang='lat' dir='ltr'><strong>observavimus.</strong></span> <span class='ocrx_word' id='word_1_128' title='bbox 1093 1536 1166 1573; x_wconf 90' lang='lat' dir='ltr'><strong>nam</strong></span> <span class='ocrx_word' id='word_1_129' title='bbox 1186 1518 1241 1574; x_wconf 78' lang='lat' dir='ltr'><strong>vix</strong></span> 
     </span>
     <span class='ocr_line' id='line_1_16' title="bbox 143 1595 1240 1679; baseline 0.005 -28"><span class='ocrx_word' id='word_1_130' title='bbox 143 1602 183 1651; x_wconf 86' lang='lat' dir='ltr'><strong>est</strong></span> <span class='ocrx_word' id='word_1_131' title='bbox 195 1597 291 1653; x_wconf 91' lang='lat' dir='ltr'><strong>simile</strong></span> <span class='ocrx_word' id='word_1_132' title='bbox 314 1616 385 1655; x_wconf 89' lang='lat' dir='ltr'><strong>rero</strong></span> <span class='ocrx_word' id='word_1_133' title='bbox 401 1595 589 1657; x_wconf 83' lang='lat' dir='ltr'><strong>diuconieum</strong></span> <span class='ocrx_word' id='word_1_134' title='bbox 600 1618 655 1677; x_wconf 88' lang='lat' dir='ltr'><strong>pro</strong></span> <span class='ocrx_word' id='word_1_135' title='bbox 670 1596 781 1657; x_wconf 84' lang='lat' dir='ltr'><strong>exedra</strong></span> <span class='ocrx_word' id='word_1_136' title='bbox 796 1610 880 1657; x_wconf 83' lang='lat' dir='ltr'><strong>extra</strong></span> <span class='ocrx_word' id='word_1_137' title='bbox 894 1596 1003 1657; x_wconf 86' lang='lat' dir='ltr'><strong>aedem</strong></span> <span class='ocrx_word' id='word_1_138' title='bbox 1016 1604 1058 1659; x_wconf 91' lang='lat' dir='ltr'><strong>ita</strong></span> <span class='ocrx_word' id='word_1_139' title='bbox 1069 1612 1240 1679; x_wconf 87' lang='lat' dir='ltr'><strong>nuncupata</strong></span> 
     </span>
     <span class='ocr_line' id='line_1_17' title="bbox 143 1680 1243 1763; baseline 0.005 -27"><span class='ocrx_word' id='word_1_140' title='bbox 143 1680 216 1737; x_wconf 91' lang='lat' dir='ltr'><strong>sumi</strong></span> <span class='ocrx_word' id='word_1_141' title='bbox 231 1680 356 1756; x_wconf 89' lang='lat' dir='ltr'><strong>debere,</strong></span> <span class='ocrx_word' id='word_1_142' title='bbox 379 1702 448 1741; x_wconf 90' lang='lat' dir='ltr'><strong>cum</strong></span> <span class='ocrx_word' id='word_1_143' title='bbox 462 1685 535 1741; x_wconf 89' lang='lat' dir='ltr'><strong>etin</strong></span> <span class='ocrx_word' id='word_1_144' title='bbox 551 1703 587 1741; x_wconf 86' lang='lat' dir='ltr'><strong>ea</strong></span> <span class='ocrx_word' id='word_1_145' title='bbox 602 1684 759 1763; x_wconf 82' lang='lat' dir='ltr'><strong>quibusvis</strong></span> <span class='ocrx_word' id='word_1_146' title='bbox 770 1685 913 1742; x_wconf 85' lang='lat' dir='ltr'><strong>ecclesiae</strong></span> <span class='ocrx_word' id='word_1_147' title='bbox 923 1686 1070 1744; x_wconf 76' lang='lat' dir='ltr'><strong>ministrIs</strong></span> <span class='ocrx_word' id='word_1_148' title='bbox 1081 1688 1243 1744; x_wconf 85' lang='lat' dir='ltr'><strong>consistere</strong></span> 
     </span>
     <span class='ocr_line' id='line_1_18' title="bbox 143 1764 1243 1846; baseline 0.007 -25"><span class='ocrx_word' id='word_1_149' title='bbox 143 1764 185 1823; x_wconf 80' lang='lat' dir='ltr'><strong>las</strong></span> <span class='ocrx_word' id='word_1_150' title='bbox 197 1777 282 1840; x_wconf 90' lang='lat' dir='ltr'><strong>esset,</strong></span> <span class='ocrx_word' id='word_1_151' title='bbox 308 1776 339 1825; x_wconf 88' lang='lat' dir='ltr'><strong>et</strong></span> <span class='ocrx_word' id='word_1_152' title='bbox 356 1786 396 1825; x_wconf 87' lang='lat' dir='ltr'><strong>ex</strong></span> <span class='ocrx_word' id='word_1_153' title='bbox 411 1786 446 1825; x_wconf 89' lang='lat' dir='ltr'><strong>ea</strong></span> <span class='ocrx_word' id='word_1_154' title='bbox 461 1768 562 1827; x_wconf 89' lang='lat' dir='ltr'><strong>clerici</strong></span> <span class='ocrx_word' id='word_1_155' title='bbox 579 1788 683 1827; x_wconf 82' lang='lat' dir='ltr'><strong>munes</strong></span> <span class='ocrx_word' id='word_1_156' title='bbox 699 1766 738 1826; x_wconf 82' lang='lat' dir='ltr'><strong>ed</strong></span> <span class='ocrx_word' id='word_1_157' title='bbox 752 1770 845 1827; x_wconf 86' lang='lat' dir='ltr'><strong>altare</strong></span> <span class='ocrx_word' id='word_1_158' title='bbox 859 1768 1065 1846; x_wconf 84' lang='lat' dir='ltr'><strong>procederent.</strong></span> <span class='ocrx_word' id='word_1_159' title='bbox 1093 1772 1158 1827; x_wconf 88' lang='lat' dir='ltr'><strong>iam</strong></span> <span class='ocrx_word' id='word_1_160' title='bbox 1170 1790 1243 1829; x_wconf 90' lang='lat' dir='ltr'><strong>vero</strong></span> 
     </span>
     <span class='ocr_line' id='line_1_19' title="bbox 144 1848 1243 1928; baseline 0.004 -21"><span class='ocrx_word' id='word_1_161' title='bbox 144 1848 220 1928; x_wconf 89' lang='lat' dir='ltr'><strong>quod</strong></span> <span class='ocrx_word' id='word_1_162' title='bbox 231 1853 263 1909; x_wconf 89' lang='lat' dir='ltr'><strong>in</strong></span> <span class='ocrx_word' id='word_1_163' title='bbox 276 1852 411 1911; x_wconf 89' lang='lat' dir='ltr'><strong>concilio</strong></span> <span class='ocrx_word' id='word_1_164' title='bbox 425 1853 595 1911; x_wconf 85' lang='lat' dir='ltr'><strong>Arelatensi</strong></span> <span class='ocrx_word' id='word_1_165' title='bbox 613 1871 638 1911; x_wconf 84' lang='grc' dir='ltr'><strong>ιι</strong></span> <span class='ocrx_word' id='word_1_166' title='bbox 658 1852 716 1911; x_wconf 86' lang='lat' dir='ltr'><strong>sub</strong></span> <span class='ocrx_word' id='word_1_167' title='bbox 730 1852 839 1913; x_wconf 83' lang='lat' dir='ltr'><strong>Siricio</strong></span> <span class='ocrx_word' id='word_1_168' title='bbox 854 1855 905 1912; x_wconf 81' lang='lat' dir='ltr'><strong>PP</strong></span> <span class='ocrx_word' id='word_1_169' title='bbox 919 1874 988 1913; x_wconf 83' lang='lat' dir='ltr'><strong>can.</strong></span> <span class='ocrx_word' id='word_1_170' title='bbox 1002 1854 1044 1919; x_wconf 85' lang='lat'><strong>15</strong></span> <span class='ocrx_word' id='word_1_171' title='bbox 1060 1855 1185 1913; x_wconf 66' lang='grc' dir='ltr'><strong><em>ὀιοοοιιι·</em></strong></span> <span class='ocrx_word' id='word_1_172' title='bbox 1194 1874 1243 1913; x_wconf 82' lang='lat' dir='ltr'><strong>re-</strong></span> 
     </span>
     <span class='ocr_line' id='line_1_20' title="bbox 144 1935 1242 2018; baseline 0.005 -27"><span class='ocrx_word' id='word_1_173' title='bbox 144 1935 207 1992; x_wconf 80' lang='lat' dir='ltr'><strong>dere</strong></span> <span class='ocrx_word' id='word_1_174' title='bbox 223 1938 303 1993; x_wconf 65' lang='lat' dir='ltr'><strong>aare·</strong></span> <span class='ocrx_word' id='word_1_175' title='bbox 319 1935 507 2013; x_wconf 78' lang='lat' dir='ltr'><strong>presbyteros</strong></span> <span class='ocrx_word' id='word_1_176' title='bbox 525 1939 560 1995; x_wconf 85' lang='lat' dir='ltr'><strong>iu</strong></span> <span class='ocrx_word' id='word_1_177' title='bbox 578 1940 734 1995; x_wconf 73' lang='lat' dir='ltr'><strong>secretario</strong></span> <span class='ocrx_word' id='word_1_178' title='bbox 748 1948 903 2012; x_wconf 86' lang='lat' dir='ltr'><strong>vetantur,</strong></span> <span class='ocrx_word' id='word_1_179' title='bbox 931 1938 966 1996; x_wconf 94' lang='lat' dir='ltr'><strong>id</strong></span> <span class='ocrx_word' id='word_1_180' title='bbox 978 1937 1100 1997; x_wconf 87' lang='lat' dir='ltr'><strong>ridetur</strong></span> <span class='ocrx_word' id='word_1_181' title='bbox 1110 1940 1242 2018; x_wconf 82' lang='lat' dir='ltr'><strong>intelligi</strong></span> 
     </span>
     <span class='ocr_line' id='line_1_21' title="bbox 144 2018 1243 2103; baseline 0.005 -25"><span class='ocrx_word' id='word_1_182' title='bbox 144 2030 192 2078; x_wconf 89' lang='lat' dir='ltr'><strong>ant</strong></span> <span class='ocrx_word' id='word_1_183' title='bbox 207 2018 242 2079; x_wconf 90' lang='lat' dir='ltr'><strong>de</strong></span> <span class='ocrx_word' id='word_1_184' title='bbox 259 2023 371 2079; x_wconf 85' lang='lat' dir='ltr'><strong>maiori</strong></span> <span class='ocrx_word' id='word_1_185' title='bbox 387 2020 559 2095; x_wconf 74' lang='lat' dir='ltr'><strong>diacorum,</strong></span> <span class='ocrx_word' id='word_1_186' title='bbox 580 2026 739 2081; x_wconf 87' lang='lat' dir='ltr'><strong>secretario</strong></span> <span class='ocrx_word' id='word_1_187' title='bbox 753 2023 803 2081; x_wconf 89' lang='lat' dir='ltr'><strong>vel</strong></span> <span class='ocrx_word' id='word_1_188' title='bbox 819 2024 978 2097; x_wconf 76' lang='lat' dir='ltr'><strong>vestiario,</strong></span> <span class='ocrx_word' id='word_1_189' title='bbox 998 2025 1031 2081; x_wconf 90' lang='lat' dir='ltr'><strong>in</strong></span> <span class='ocrx_word' id='word_1_190' title='bbox 1046 2022 1129 2103; x_wconf 88' lang='lat' dir='ltr'><strong>quod</strong></span> <span class='ocrx_word' id='word_1_191' title='bbox 1141 2044 1243 2084; x_wconf 79' lang='lat' dir='ltr'><strong>sacer-</strong></span> 
     </span>
     <span class='ocr_line' id='line_1_22' title="bbox 146 2101 1242 2183; baseline 0.005 -21"><span class='ocrx_word' id='word_1_192' title='bbox 146 2101 226 2163; x_wconf 89' lang='lat' dir='ltr'><strong>dotes</strong></span> <span class='ocrx_word' id='word_1_193' title='bbox 238 2106 289 2165; x_wconf 91' lang='lat' dir='ltr'><strong>vel</strong></span> <span class='ocrx_word' id='word_1_194' title='bbox 307 2106 455 2165; x_wconf 84' lang='lat' dir='ltr'><strong>antistites</strong></span> <span class='ocrx_word' id='word_1_195' title='bbox 466 2105 504 2163; x_wconf 89' lang='lat' dir='ltr'><strong>de</strong></span> <span class='ocrx_word' id='word_1_196' title='bbox 519 2107 609 2165; x_wconf 88' lang='lat' dir='ltr'><strong>rebus</strong></span> <span class='ocrx_word' id='word_1_197' title='bbox 626 2108 835 2166; x_wconf 80' lang='lat' dir='ltr'><strong>ecclesiasticis</strong></span> <span class='ocrx_word' id='word_1_198' title='bbox 847 2106 1041 2166; x_wconf 84' lang='lat' dir='ltr'><strong>deliberaturi</strong></span> <span class='ocrx_word' id='word_1_199' title='bbox 1052 2108 1242 2183; x_wconf 85' lang='lat' dir='ltr'><strong>secedebant,</strong></span> 
     </span>
     <span class='ocr_line' id='line_1_23' title="bbox 147 2190 1245 2269; baseline 0.005 -22"><span class='ocrx_word' id='word_1_200' title='bbox 147 2198 176 2247; x_wconf 86' lang='lat' dir='ltr'><strong>et</strong></span> <span class='ocrx_word' id='word_1_201' title='bbox 187 2200 219 2249; x_wconf 88' lang='lat' dir='ltr'><strong>ut</strong></span> <span class='ocrx_word' id='word_1_202' title='bbox 229 2191 330 2249; x_wconf 89' lang='lat' dir='ltr'><strong>verbis</strong></span> <span class='ocrx_word' id='word_1_203' title='bbox 344 2200 411 2249; x_wconf 88' lang='lat' dir='ltr'><strong>uter</strong></span> <span class='ocrx_word' id='word_1_204' title='bbox 426 2192 553 2269; x_wconf 86' lang='lat' dir='ltr'><strong>Sulpicii</strong></span> <span class='ocrx_word' id='word_1_205' title='bbox 565 2192 685 2267; x_wconf 87' lang='lat' dir='ltr'><strong>Severi,</strong></span> <span class='ocrx_word' id='word_1_206' title='bbox 714 2210 784 2251; x_wconf 85' lang='lat' dir='ltr'><strong>cum</strong></span> <span class='ocrx_word' id='word_1_207' title='bbox 796 2191 845 2249; x_wconf 80' lang='lat' dir='ltr'><strong>vel</strong></span> <span class='ocrx_word' id='word_1_208' title='bbox 853 2190 1087 2249; x_wconf 74' lang='lat' dir='ltr'><strong>ealnwtionibus</strong></span> <span class='ocrx_word' id='word_1_209' title='bbox 1101 2205 1245 2251; x_wconf 71' lang='lat' dir='ltr'><strong>vacantes</strong></span> 
     </span>
     <span class='ocr_line' id='line_1_24' title="bbox 146 2274 1243 2357; baseline 0.005 -26"><span class='ocrx_word' id='word_1_210' title='bbox 146 2274 195 2331; x_wconf 71' lang='lat' dir='ltr'><strong>ccl</strong></span> <span class='ocrx_word' id='word_1_211' title='bbox 213 2275 372 2335; x_wconf 68' lang='grc' dir='ltr'><strong><em>αιιιίίιιιιίιζι</em></strong></span> <span class='ocrx_word' id='word_1_212' title='bbox 392 2274 644 2357; x_wconf 58' lang='lat' dir='ltr'><strong>negotiationibus</strong></span> <span class='ocrx_word' id='word_1_213' title='bbox 664 2278 805 2353; x_wconf 78' lang='grc' dir='ltr'><strong><em>οοοιιροιί</em></strong></span> <span class='ocrx_word' id='word_1_214' title='bbox 830 2278 864 2333; x_wconf 78' lang='lat' dir='ltr'><strong>in</strong></span> <span class='ocrx_word' id='word_1_215' title='bbox 890 2295 927 2333; x_wconf 91' lang='lat' dir='ltr'><strong>eo</strong></span> <span class='ocrx_word' id='word_1_216' title='bbox 948 2274 1162 2352; x_wconf 69' lang='lat' dir='ltr'><strong>considebant,</strong></span> <span class='ocrx_word' id='word_1_217' title='bbox 1192 2281 1243 2336; x_wconf 93' lang='lat' dir='ltr'><strong>vel</strong></span> 
     </span>
     <span class='ocr_line' id='line_1_25' title="bbox 146 2357 1244 2441; baseline 0.003 -24"><span class='ocrx_word' id='word_1_218' title='bbox 146 2361 239 2438; x_wconf 88' lang='lat' dir='ltr'><strong>potius</strong></span> <span class='ocrx_word' id='word_1_219' title='bbox 251 2357 290 2419; x_wconf 91' lang='lat' dir='ltr'><strong>de</strong></span> <span class='ocrx_word' id='word_1_220' title='bbox 306 2363 417 2421; x_wconf 90' lang='lat' dir='ltr'><strong>minori</strong></span> <span class='ocrx_word' id='word_1_221' title='bbox 430 2358 594 2435; x_wconf 86' lang='lat' dir='ltr'><strong>diaconico,</strong></span> <span class='ocrx_word' id='word_1_222' title='bbox 615 2359 649 2419; x_wconf 91' lang='lat' dir='ltr'><strong>id</strong></span> <span class='ocrx_word' id='word_1_223' title='bbox 663 2371 708 2419; x_wconf 86' lang='lat' dir='ltr'><strong>est</strong></span> <span class='ocrx_word' id='word_1_224' title='bbox 720 2359 877 2435; x_wconf 85' lang='lat' dir='ltr'><strong>conchula,</strong></span> <span class='ocrx_word' id='word_1_225' title='bbox 898 2380 991 2441; x_wconf 87' lang='lat' dir='ltr'><strong>quem</strong></span> <span class='ocrx_word' id='word_1_226' title='bbox 1002 2359 1175 2426; x_wconf 72' lang='grc' dir='ltr'><strong><em>διακονικὸν</em></strong></span> <span class='ocrx_word' id='word_1_227' title='bbox 1187 2383 1244 2421; x_wconf 90' lang='lat' dir='ltr'><strong>vo-</strong></span> 
     </span>
     <span class='ocr_line' id='line_1_26' title="bbox 146 2444 1245 2527; baseline 0.004 -25"><span class='ocrx_word' id='word_1_228' title='bbox 146 2456 209 2503; x_wconf 85' lang='lat' dir='ltr'><strong>cant</strong></span> <span class='ocrx_word' id='word_1_229' title='bbox 217 2446 335 2505; x_wconf 85' lang='lat' dir='ltr'><strong>Graeci.</strong></span> <span class='ocrx_word' id='word_1_230' title='bbox 357 2448 389 2505; x_wconf 92' lang='lat' dir='ltr'><strong>in</strong></span> <span class='ocrx_word' id='word_1_231' title='bbox 400 2444 458 2505; x_wconf 88' lang='lat' dir='ltr'><strong>hoc</strong></span> <span class='ocrx_word' id='word_1_232' title='bbox 471 2449 552 2505; x_wconf 91' lang='lat' dir='ltr'><strong>enim</strong></span> <span class='ocrx_word' id='word_1_233' title='bbox 561 2444 717 2505; x_wconf 86' lang='lat' dir='ltr'><strong>diaconico</strong></span> <span class='ocrx_word' id='word_1_234' title='bbox 725 2444 848 2527; x_wconf 87' lang='lat' dir='ltr'><strong>quando</strong></span> <span class='ocrx_word' id='word_1_235' title='bbox 856 2445 1026 2506; x_wconf 84' lang='lat' dir='ltr'><strong>sacerdotes</strong></span> <span class='ocrx_word' id='word_1_236' title='bbox 1040 2467 1124 2507; x_wconf 86' lang='lat' dir='ltr'><strong>sacra</strong></span> <span class='ocrx_word' id='word_1_237' title='bbox 1136 2449 1245 2507; x_wconf 84' lang='lat' dir='ltr'><strong>facturi</strong></span> 
     </span>
     <span class='ocr_line' id='line_1_27' title="bbox 146 2529 1245 2612; baseline 0.004 -25"><span class='ocrx_word' id='word_1_238' title='bbox 146 2530 175 2587; x_wconf 92' lang='lat' dir='ltr'><strong>in</strong></span> <span class='ocrx_word' id='word_1_239' title='bbox 198 2552 232 2591; x_wconf 86' lang='lat' dir='ltr'><strong>eo</strong></span> <span class='ocrx_word' id='word_1_240' title='bbox 255 2551 358 2592; x_wconf 74' lang='lat' dir='ltr'><strong>sacrm</strong></span> <span class='ocrx_word' id='word_1_241' title='bbox 379 2542 478 2591; x_wconf 88' lang='lat' dir='ltr'><strong>restes</strong></span> <span class='ocrx_word' id='word_1_242' title='bbox 498 2530 695 2590; x_wconf 89' lang='lat' dir='ltr'><strong>induuntaut</strong></span> <span class='ocrx_word' id='word_1_243' title='bbox 715 2532 872 2612; x_wconf 86' lang='lat' dir='ltr'><strong>aliaquae</strong></span> <span class='ocrx_word' id='word_1_244' title='bbox 894 2529 1069 2591; x_wconf 79' lang='lat' dir='ltr'><strong>adsacrum</strong></span> <span class='ocrx_word' id='word_1_245' title='bbox 1089 2534 1245 2611; x_wconf 80' lang='lat' dir='ltr'><strong>liturgiam</strong></span> 
     </span>
     <span class='ocr_line' id='line_1_28' title="bbox 146 2616 1244 2698; baseline 0.005 -26"><span class='ocrx_word' id='word_1_246' title='bbox 146 2627 277 2695; x_wconf 86' lang='lat' dir='ltr'><strong>spectant</strong></span> <span class='ocrx_word' id='word_1_247' title='bbox 292 2628 515 2696; x_wconf 85' lang='lat' dir='ltr'><strong>exsequuntur,</strong></span> <span class='ocrx_word' id='word_1_248' title='bbox 538 2636 607 2675; x_wconf 86' lang='lat' dir='ltr'><strong>cum</strong></span> <span class='ocrx_word' id='word_1_249' title='bbox 621 2619 674 2689; x_wconf 89' lang='lat' dir='ltr'><strong>iis,</strong></span> <span class='ocrx_word' id='word_1_250' title='bbox 696 2616 735 2674; x_wconf 91' lang='lat' dir='ltr'><strong>ob</strong></span> <span class='ocrx_word' id='word_1_251' title='bbox 750 2618 950 2675; x_wconf 85' lang='lat' dir='ltr'><strong>reverentiam</strong></span> <span class='ocrx_word' id='word_1_252' title='bbox 962 2636 1055 2698; x_wconf 83' lang='lat' dir='ltr'><strong>quam</strong></span> <span class='ocrx_word' id='word_1_253' title='bbox 1064 2616 1244 2678; x_wconf 86' lang='lat' dir='ltr'><strong>sacerdotali</strong></span> 
     </span>
     <span class='ocr_line' id='line_1_29' title="bbox 147 2698 788 2780; baseline 0.002 -22"><span class='ocrx_word' id='word_1_254' title='bbox 147 2698 308 2760; x_wconf 87' lang='lat' dir='ltr'><strong>characteri</strong></span> <span class='ocrx_word' id='word_1_255' title='bbox 322 2699 443 2773; x_wconf 83' lang='lat' dir='ltr'><strong>debent,</strong></span> <span class='ocrx_word' id='word_1_256' title='bbox 465 2700 570 2761; x_wconf 82' lang='lat' dir='ltr'><strong>sedare</strong></span> <span class='ocrx_word' id='word_1_257' title='bbox 581 2700 788 2780; x_wconf 84' lang='lat' dir='ltr'><strong>prohihentur.</strong></span> 
     </span>
    </p>

    <p class='ocr_par' dir='ltr' id='par_1_3' title="bbox 147 2784 1355 3808">
     <span class='ocr_line' id='line_1_30' title="bbox 222 2784 1246 2867; baseline -0.003 -19"><span class='ocrx_word' id='word_1_258' title='bbox 222 2787 279 2848; x_wconf 85' lang='lat'><strong>69.</strong></span> <span class='ocrx_word' id='word_1_259' title='bbox 320 2784 370 2845; x_wconf 88' lang='lat' dir='ltr'><strong>Ad</strong></span> <span class='ocrx_word' id='word_1_260' title='bbox 388 2796 548 2867; x_wconf 75' lang='lat' dir='ltr'><strong>utriunque</strong></span> <span class='ocrx_word' id='word_1_261' title='bbox 565 2787 694 2845; x_wconf 86' lang='lat' dir='ltr'><strong>bematis</strong></span> <span class='ocrx_word' id='word_1_262' title='bbox 715 2786 796 2845; x_wconf 88' lang='lat' dir='ltr'><strong>latus</strong></span> <span class='ocrx_word' id='word_1_263' title='bbox 813 2795 955 2866; x_wconf 87' lang='lat' dir='ltr'><strong>quattuor</strong></span> <span class='ocrx_word' id='word_1_264' title='bbox 967 2795 1122 2865; x_wconf 77' lang='lat' dir='ltr'><strong>praeterea</strong></span> <span class='ocrx_word' id='word_1_265' title='bbox 1136 2806 1246 2847; x_wconf 84' lang='lat' dir='ltr'><strong>exsur-</strong></span> 
     </span>
     <span class='ocr_line' id='line_1_31' title="bbox 148 2868 1246 2950; baseline 0 -21"><span class='ocrx_word' id='word_1_266' title='bbox 148 2881 216 2948; x_wconf 80' lang='lat' dir='ltr'><strong>grmt</strong></span> <span class='ocrx_word' id='word_1_267' title='bbox 228 2872 309 2929; x_wconf 81' lang='lat' dir='ltr'><strong>alise</strong></span> <span class='ocrx_word' id='word_1_268' title='bbox 323 2868 471 2947; x_wconf 86' lang='lat' dir='ltr'><strong>conchae,</strong></span> <span class='ocrx_word' id='word_1_269' title='bbox 500 2872 589 2931; x_wconf 79' lang='lat' dir='ltr'><strong>binae</strong></span> <span class='ocrx_word' id='word_1_270' title='bbox 609 2871 723 2929; x_wconf 88' lang='lat' dir='ltr'><strong>scilicet</strong></span> <span class='ocrx_word' id='word_1_271' title='bbox 745 2872 779 2928; x_wconf 90' lang='lat' dir='ltr'><strong>in</strong></span> <span class='ocrx_word' id='word_1_272' title='bbox 799 2882 927 2950; x_wconf 84' lang='lat' dir='ltr'><strong>utroque</strong></span> <span class='ocrx_word' id='word_1_273' title='bbox 947 2872 1028 2928; x_wconf 87' lang='lat' dir='ltr'><strong>muri</strong></span> <span class='ocrx_word' id='word_1_274' title='bbox 1047 2890 1102 2930; x_wconf 87' lang='lat' dir='ltr'><strong>sen</strong></span> <span class='ocrx_word' id='word_1_275' title='bbox 1121 2874 1246 2950; x_wconf 89' lang='lat' dir='ltr'><strong>parietis</strong></span> 
     </span>
     <span class='ocr_line' id='line_1_32' title="bbox 147 2952 1246 3037; baseline 0 -24"><span class='ocrx_word' id='word_1_276' title='bbox 147 2956 246 3032; x_wconf 86' lang='lat' dir='ltr'><strong>latere,</strong></span> <span class='ocrx_word' id='word_1_277' title='bbox 268 2976 344 3037; x_wconf 85' lang='lat' dir='ltr'><strong>quas</strong></span> <span class='ocrx_word' id='word_1_278' title='bbox 357 2976 461 3016; x_wconf 89' lang='lat' dir='ltr'><strong>versus</strong></span> <span class='ocrx_word' id='word_1_279' title='bbox 476 2955 663 3015; x_wconf 88' lang='lat' dir='ltr'><strong>occidentem</strong></span> <span class='ocrx_word' id='word_1_280' title='bbox 679 2952 822 3035; x_wconf 83' lang='lat' dir='ltr'><strong>progredi</strong></span> <span class='ocrx_word' id='word_1_281' title='bbox 837 2956 880 3012; x_wconf 89' lang='lat' dir='ltr'><strong>ait</strong></span> <span class='ocrx_word' id='word_1_282' title='bbox 891 2955 1093 3014; x_wconf 73' lang='lat' dir='ltr'><strong>silentiarius.</strong></span> <span class='ocrx_word' id='word_1_283' title='bbox 1125 2966 1246 3015; x_wconf 85' lang='lat' dir='ltr'><strong>susten-</strong></span> 
     </span>
     <span class='ocr_line' id='line_1_33' title="bbox 148 3037 1355 3121; baseline 0.002 -23"><span class='ocrx_word' id='word_1_284' title='bbox 148 3051 221 3100; x_wconf 86' lang='lat' dir='ltr'><strong>tatur</strong></span> <span class='ocrx_word' id='word_1_285' title='bbox 242 3052 346 3101; x_wconf 84' lang='lat' dir='ltr'><strong>eutem</strong></span> <span class='ocrx_word' id='word_1_286' title='bbox 368 3042 491 3101; x_wconf 86' lang='lat' dir='ltr'><strong>illarum</strong></span> <span class='ocrx_word' id='word_1_287' title='bbox 516 3057 716 3121; x_wconf 85' lang='lat' dir='ltr'><strong>unaquaeque</strong></span> <span class='ocrx_word' id='word_1_288' title='bbox 743 3040 824 3099; x_wconf 87' lang='lat' dir='ltr'><strong>binis</strong></span> <span class='ocrx_word' id='word_1_289' title='bbox 851 3040 1001 3099; x_wconf 87' lang='lat' dir='ltr'><strong>columnis</strong></span> <span class='ocrx_word' id='word_1_290' title='bbox 1027 3037 1244 3120; x_wconf 83' lang='lat' dir='ltr'><strong>porphyreticis</strong></span> <span class='ocrx_word' id='word_1_291' title='bbox 1262 3057 1284 3110; x_wconf 79' lang='grc' dir='ltr'><strong>Ρ</strong></span> <span class='ocrx_word' id='word_1_292' title='bbox 1302 3056 1355 3111; x_wconf 76' lang='lat'><strong>582</strong></span> 
     </span>
     <span class='ocr_line' id='line_1_34' title="bbox 149 3122 1247 3209; baseline 0.001 -26"><span class='ocrx_word' id='word_1_293' title='bbox 149 3128 311 3207; x_wconf 75' lang='lat' dir='ltr'><strong>Aegyptiis,</strong></span> <span class='ocrx_word' id='word_1_294' title='bbox 334 3142 409 3209; x_wconf 89' lang='lat' dir='ltr'><strong>quas</strong></span> <span class='ocrx_word' id='word_1_295' title='bbox 423 3130 575 3187; x_wconf 86' lang='lat' dir='ltr'><strong>Romanas</strong></span> <span class='ocrx_word' id='word_1_296' title='bbox 587 3136 704 3201; x_wconf 84' lang='lat' dir='ltr'><strong>vocant,</strong></span> <span class='ocrx_word' id='word_1_297' title='bbox 720 3134 749 3184; x_wconf 89' lang='lat' dir='ltr'><strong>et</strong></span> <span class='ocrx_word' id='word_1_298' title='bbox 762 3145 781 3183; x_wconf 92' lang='lat' dir='ltr'><strong>a</strong></span> <span class='ocrx_word' id='word_1_299' title='bbox 794 3124 921 3183; x_wconf 88' lang='lat' dir='ltr'><strong>muliere</strong></span> <span class='ocrx_word' id='word_1_300' title='bbox 940 3122 1043 3199; x_wconf 82' lang='lat' dir='ltr'><strong>vidue,</strong></span> <span class='ocrx_word' id='word_1_301' title='bbox 1064 3127 1177 3183; x_wconf 80' lang='lat' dir='ltr'><strong>Marcis</strong></span> <span class='ocrx_word' id='word_1_302' title='bbox 1188 3145 1247 3185; x_wconf 90' lang='lat' dir='ltr'><strong>no·</strong></span> 
     </span>
     <span class='ocr_line' id='line_1_35' title="bbox 148 3208 1247 3288; baseline 0.001 -19"><span class='ocrx_word' id='word_1_303' title='bbox 148 3215 237 3287; x_wconf 89' lang='lat' dir='ltr'><strong>mine,</strong></span> <span class='ocrx_word' id='word_1_304' title='bbox 247 3210 595 3273; x_wconf 82' lang='lat' dir='ltr'><strong>Romaadlustinianum</strong></span> <span class='ocrx_word' id='word_1_305' title='bbox 602 3212 793 3271; x_wconf 86' lang='lat' dir='ltr'><strong>transmissas</strong></span> <span class='ocrx_word' id='word_1_306' title='bbox 800 3211 918 3288; x_wconf 89' lang='lat' dir='ltr'><strong>scripsit</strong></span> <span class='ocrx_word' id='word_1_307' title='bbox 924 3208 1104 3270; x_wconf 84' lang='lat' dir='ltr'><strong>Plutarchus</strong></span> <span class='ocrx_word' id='word_1_308' title='bbox 1110 3208 1247 3270; x_wconf 85' lang='lat' dir='ltr'><strong>eiusdem</strong></span> 
     </span>
     <span class='ocr_line' id='line_1_36' title="bbox 149 3292 1247 3377; baseline 0.003 -24"><span class='ocrx_word' id='word_1_309' title='bbox 149 3300 302 3358; x_wconf 84' lang='lat' dir='ltr'><strong>iustiniani</strong></span> <span class='ocrx_word' id='word_1_310' title='bbox 314 3301 588 3377; x_wconf 79' lang='lat' dir='ltr'><strong>protosecretarius.</strong></span> <span class='ocrx_word' id='word_1_311' title='bbox 623 3316 665 3355; x_wconf 89' lang='lat' dir='ltr'><strong>ex</strong></span> <span class='ocrx_word' id='word_1_312' title='bbox 678 3294 789 3376; x_wconf 86' lang='lat' dir='ltr'><strong>quibus</strong></span> <span class='ocrx_word' id='word_1_313' title='bbox 800 3293 925 3354; x_wconf 89' lang='lat' dir='ltr'><strong>tandem</strong></span> <span class='ocrx_word' id='word_1_314' title='bbox 938 3292 1083 3355; x_wconf 85' lang='lat' dir='ltr'><strong>docemur</strong></span> <span class='ocrx_word' id='word_1_315' title='bbox 1094 3315 1172 3377; x_wconf 88' lang='lat' dir='ltr'><strong>quae</strong></span> <span class='ocrx_word' id='word_1_316' title='bbox 1185 3298 1247 3356; x_wconf 83' lang='lat' dir='ltr'><strong>siat</strong></span> 
     </span>
     <span class='ocr_line' id='line_1_37' title="bbox 150 3378 1246 3462; baseline -0.002 -21"><span class='ocrx_word' id='word_1_317' title='bbox 150 3394 287 3462; x_wconf 82' lang='lat' dir='ltr'><strong>quattuor</strong></span> <span class='ocrx_word' id='word_1_318' title='bbox 303 3385 375 3442; x_wconf 86' lang='lat' dir='ltr'><strong>illae</strong></span> <span class='ocrx_word' id='word_1_319' title='bbox 390 3378 521 3442; x_wconf 89' lang='lat' dir='ltr'><strong>conchae</strong></span> <span class='ocrx_word' id='word_1_320' title='bbox 536 3379 621 3440; x_wconf 88' lang='lat' dir='ltr'><strong>aedis</strong></span> <span class='ocrx_word' id='word_1_321' title='bbox 634 3378 825 3461; x_wconf 85' lang='lat' dir='ltr'><strong>Sophianee,</strong></span> <span class='ocrx_word' id='word_1_322' title='bbox 854 3399 983 3462; x_wconf 87' lang='lat' dir='ltr'><strong>quarum</strong></span> <span class='ocrx_word' id='word_1_323' title='bbox 995 3384 1136 3441; x_wconf 88' lang='lat' dir='ltr'><strong>meminit</strong></span> <span class='ocrx_word' id='word_1_324' title='bbox 1154 3380 1246 3441; x_wconf 78' lang='lat' dir='ltr'><strong>codr-</strong></span> 
     </span>
     <span class='ocr_line' id='line_1_38' title="bbox 151 3461 1247 3547; baseline 0.004 -22"><span class='ocrx_word' id='word_1_325' title='bbox 151 3488 219 3527; x_wconf 84' lang='lat' dir='ltr'><strong>nus:</strong></span> <span class='ocrx_word' id='word_1_326' title='bbox 239 3471 303 3532; x_wconf 74' lang='lat' dir='ltr'><strong>seir</strong></span> <span class='ocrx_word' id='word_1_327' title='bbox 315 3464 349 3531; x_wconf 82' lang='lat' dir='ltr'><strong>di</strong></span> <span class='ocrx_word' id='word_1_328' title='bbox 366 3471 485 3531; x_wconf 74' lang='lat' dir='ltr'><strong>scocris</strong></span> <span class='ocrx_word' id='word_1_329' title='bbox 498 3464 709 3547; x_wconf 70' lang='grc' dir='ltr'><strong><em>ὁψιοθὲνιον,</em></strong></span> <span class='ocrx_word' id='word_1_330' title='bbox 739 3464 794 3528; x_wconf 77' lang='lat' dir='ltr'><strong>sol</strong></span> <span class='ocrx_word' id='word_1_331' title='bbox 812 3468 875 3528; x_wconf 78' lang='lat' dir='ltr'><strong>scis</strong></span> <span class='ocrx_word' id='word_1_332' title='bbox 891 3461 1029 3547; x_wconf 67' lang='grc' dir='ltr'><strong>μεγάλων</strong></span> <span class='ocrx_word' id='word_1_333' title='bbox 1047 3464 1157 3531; x_wconf 70' lang='grc' dir='ltr'><strong><em>κιόνων</em></strong></span> <span class='ocrx_word' id='word_1_334' title='bbox 1175 3486 1247 3529; x_wconf 80' lang='lat' dir='ltr'><strong>cro-</strong></span> 
     </span>
     <span class='ocr_line' id='line_1_39' title="bbox 151 3546 1244 3634; baseline -0.003 -19"><span class='ocrx_word' id='word_1_335' title='bbox 151 3550 275 3629; x_wconf 77' lang='grc' dir='ltr'><strong><em>θὲνιων,</em></strong></span> <span class='ocrx_word' id='word_1_336' title='bbox 298 3550 420 3633; x_wconf 73' lang='lat' dir='ltr'><strong>insitor</strong></span> <span class='ocrx_word' id='word_1_337' title='bbox 438 3546 506 3634; x_wconf 73' lang='grc' dir='ltr'><strong>μετ’</strong></span> <span class='ocrx_word' id='word_1_338' title='bbox 527 3547 631 3615; x_wconf 74' lang='lat' dir='ltr'><strong>ariscio</strong></span> <span class='ocrx_word' id='word_1_339' title='bbox 654 3548 706 3615; x_wconf 75' lang='lat' dir='ltr'><strong>sci</strong></span> <span class='ocrx_word' id='word_1_340' title='bbox 724 3546 798 3624; x_wconf 69' lang='grc' dir='ltr'><strong>τούς</strong></span> <span class='ocrx_word' id='word_1_341' title='bbox 816 3548 980 3631; x_wconf 76' lang='grc' dir='ltr'><strong><em>Ῥωμαίους</em></strong></span> <span class='ocrx_word' id='word_1_342' title='bbox 999 3548 1105 3626; x_wconf 67' lang='grc' dir='ltr'><strong><em>κίονας</em></strong></span> <span class='ocrx_word' id='word_1_343' title='bbox 1120 3555 1244 3631; x_wconf 79' lang='grc' dir='ltr'><strong><em>στῆσαι·</em></strong></span> 
     </span>
     <span class='ocr_line' id='line_1_40' title="bbox 151 3628 1248 3719; baseline -0.005 -18"><span class='ocrx_word' id='word_1_344' title='bbox 151 3630 214 3701; x_wconf 77' lang='lat' dir='ltr'><strong>tn’</strong></span> <span class='ocrx_word' id='word_1_345' title='bbox 226 3632 284 3703; x_wconf 76' lang='lat' dir='ltr'><strong>oris</strong></span> <span class='ocrx_word' id='word_1_346' title='bbox 294 3637 437 3715; x_wconf 63' lang='grc' dir='ltr'><strong>ἐποίουν,</strong></span> <span class='ocrx_word' id='word_1_347' title='bbox 468 3628 535 3699; x_wconf 57' lang='grc' dir='ltr'><strong>ἀλλ”</strong></span> <span class='ocrx_word' id='word_1_348' title='bbox 549 3636 677 3716; x_wconf 77' lang='grc' dir='ltr'><strong><em>ἔστησαν</em></strong></span> <span class='ocrx_word' id='word_1_349' title='bbox 691 3628 804 3709; x_wconf 70' lang='lat' dir='ltr'><strong>adrosis</strong></span> <span class='ocrx_word' id='word_1_350' title='bbox 818 3635 861 3709; x_wconf 67' lang='lat' dir='ltr'><strong>cle</strong></span> <span class='ocrx_word' id='word_1_351' title='bbox 874 3633 1018 3716; x_wconf 68' lang='grc' dir='ltr'><strong>τέσσαρας</strong></span> <span class='ocrx_word' id='word_1_352' title='bbox 1029 3630 1151 3719; x_wconf 73' lang='grc' dir='ltr'><strong>κόγχας.</strong></span> <span class='ocrx_word' id='word_1_353' title='bbox 1194 3634 1248 3695; x_wconf 85' lang='lat' dir='ltr'><strong>sed</strong></span> 
     </span>
     <span class='ocr_line' id='line_1_41' title="bbox 153 3719 1204 3808; baseline -0.002 -27"><span class='ocrx_word' id='word_1_354' title='bbox 153 3720 188 3783; x_wconf 89' lang='lat' dir='ltr'><strong>de</strong></span> <span class='ocrx_word' id='word_1_355' title='bbox 201 3734 340 3808; x_wconf 81' lang='lat' dir='ltr'><strong>quattuor</strong></span> <span class='ocrx_word' id='word_1_356' title='bbox 352 3724 418 3785; x_wconf 88' lang='lat' dir='ltr'><strong>istis</strong></span> <span class='ocrx_word' id='word_1_357' title='bbox 433 3719 557 3783; x_wconf 86' lang='lat' dir='ltr'><strong>conchis</strong></span> <span class='ocrx_word' id='word_1_358' title='bbox 572 3719 741 3781; x_wconf 84' lang='lat' dir='ltr'><strong>audiendus</strong></span> <span class='ocrx_word' id='word_1_359' title='bbox 748 3721 939 3782; x_wconf 76' lang='lat' dir='ltr'><strong>silentiarius</strong></span> <span class='ocrx_word' id='word_1_360' title='bbox 954 3730 1032 3800; x_wconf 82' lang='lat' dir='ltr'><strong>part.</strong></span> <span class='ocrx_word' id='word_1_361' title='bbox 1050 3724 1066 3782; x_wconf 92' lang='lat'>1</span> <span class='ocrx_word' id='word_1_362' title='bbox 1082 3742 1112 3783; x_wconf 92' lang='lat' dir='ltr'><strong>v.</strong></span> <span class='ocrx_word' id='word_1_363' title='bbox 1126 3722 1204 3787; x_wconf 78' lang='lat'><strong>239:</strong></span> 
     </span>
    </p>

    <p class='ocr_par' dir='ltr' id='par_1_4' title="bbox 272 3800 1084 4320">
     <span class='ocr_line' id='line_1_42' title="bbox 712 3800 1084 3881; baseline -0.005 -12"><span class='ocrx_word' id='word_1_364' title='bbox 712 3800 770 3869; x_wconf 79' lang='lat' dir='ltr'><strong>driu</strong></span> <span class='ocrx_word' id='word_1_365' title='bbox 785 3800 816 3869; x_wconf 72' lang='grc' dir='ltr'><strong>δ’</strong></span> <span class='ocrx_word' id='word_1_366' title='bbox 830 3804 862 3881; x_wconf 70' lang='lat' dir='ltr'><strong>ir</strong></span> <span class='ocrx_word' id='word_1_367' title='bbox 873 3807 978 3879; x_wconf 70' lang='lat' dir='ltr'><strong>stom</strong></span> <span class='ocrx_word' id='word_1_368' title='bbox 992 3800 1084 3881; x_wconf 62' lang='lat' dir='ltr'><strong>tuae</strong></span> 
     </span>
     <span class='ocr_line' id='line_1_43' title="bbox 272 3884 1083 3975; baseline -0.007 -17"><span class='ocrx_word' id='word_1_369' title='bbox 272 3889 383 3975; x_wconf 73' lang='lat' dir='ltr'><strong>sinor</strong></span> <span class='ocrx_word' id='word_1_370' title='bbox 397 3885 597 3975; x_wconf 63' lang='lat' dir='ltr'><strong>inscripsit</strong></span> <span class='ocrx_word' id='word_1_371' title='bbox 609 3886 807 3975; x_wconf 66' lang='grc' dir='ltr'><strong>προβάλλεται</strong></span> <span class='ocrx_word' id='word_1_372' title='bbox 820 3888 852 3965; x_wconf 71' lang='grc' dir='ltr'><strong>ἐς</strong></span> <span class='ocrx_word' id='word_1_373' title='bbox 865 3884 956 3954; x_wconf 74' lang='grc' dir='ltr'><strong><em>δόσιν</em></strong></span> <span class='ocrx_word' id='word_1_374' title='bbox 971 3886 1083 3972; x_wconf 65' lang='grc' dir='ltr'><strong><em>ἕρπειν,</em></strong></span> 
     </span>
     <span class='ocr_line' id='line_1_44' title="bbox 316 3967 1063 4061; baseline -0.008 -19"><span class='ocrx_word' id='word_1_375' title='bbox 316 3974 325 3997; x_wconf 84' lang='grc'><em>’</em></span> <span class='ocrx_word' id='word_1_376' title='bbox 350 4002 364 4043; x_wconf 87' lang='grc' dir='ltr'><strong><em>ε</em></strong></span> <span class='ocrx_word' id='word_1_377' title='bbox 397 3972 584 4043; x_wconf 54' lang='lat' dir='ltr'><strong>braama</strong></span> <span class='ocrx_word' id='word_1_378' title='bbox 601 3973 885 4061; x_wconf 60' lang='lat' dir='ltr'><strong>story-ramlosae</strong></span> <span class='ocrx_word' id='word_1_379' title='bbox 898 3967 1063 4057; x_wconf 65' lang='lat' dir='ltr'><strong>dyocesis,</strong></span> 
     </span>
     <span class='ocr_line' id='line_1_45' title="bbox 364 4002 1031 4144; baseline -0.007 -17"><span class='ocrx_word' id='word_1_380' title='bbox 364 4002 448 4137; x_wconf 66' lang='lat' dir='ltr'><strong>bunc</strong></span> <span class='ocrx_word' id='word_1_381' title='bbox 459 4055 639 4144; x_wconf 74' lang='lat' dir='ltr'><strong>notricpror</strong></span> <span class='ocrx_word' id='word_1_382' title='bbox 652 4060 715 4136; x_wconf 74' lang='grc' dir='ltr'><strong>ἑοῖς</strong></span> <span class='ocrx_word' id='word_1_383' title='bbox 729 4055 910 4143; x_wconf 76' lang='lat' dir='ltr'><strong>dysdccercs</strong></span> <span class='ocrx_word' id='word_1_384' title='bbox 924 4058 1031 4133; x_wconf 73' lang='lat' dir='ltr'><strong>risose.</strong></span> 
     </span>
     <span class='ocr_line' id='line_1_46' title="bbox 272 4140 1015 4229; baseline -0.009 -16"><span class='ocrx_word' id='word_1_385' title='bbox 272 4150 325 4213; x_wconf 76' lang='lat' dir='ltr'><strong>sul</strong></span> <span class='ocrx_word' id='word_1_386' title='bbox 336 4142 391 4223; x_wconf 74' lang='lat' dir='ltr'><strong>scir</strong></span> <span class='ocrx_word' id='word_1_387' title='bbox 406 4144 464 4229; x_wconf 69' lang='grc' dir='ltr'><strong>μὲν</strong></span> <span class='ocrx_word' id='word_1_388' title='bbox 478 4145 648 4229; x_wconf 70' lang='grc' dir='ltr'><strong><em>χροιὲοισιν</em></strong></span> <span class='ocrx_word' id='word_1_389' title='bbox 659 4146 853 4229; x_wconf 52' lang='lat' dir='ltr'><strong>&amp;applicent</strong></span> <span class='ocrx_word' id='word_1_390' title='bbox 867 4140 1015 4226; x_wconf 65' lang='lat' dir='ltr'><strong>sepriense</strong></span> 
     </span>
     <span class='ocr_line' id='line_1_47' title="bbox 274 4221 1001 4320; baseline -0.007 -19"><span class='ocrx_word' id='word_1_391' title='bbox 274 4233 386 4301; x_wconf 74' lang='lat' dir='ltr'><strong>ornent</strong></span> <span class='ocrx_word' id='word_1_392' title='bbox 404 4232 624 4320; x_wconf 69' lang='lat' dir='ltr'><strong>supponimur</strong></span> <span class='ocrx_word' id='word_1_393' title='bbox 642 4226 872 4315; x_wconf 71' lang='grc' dir='ltr'><strong><em>ἀποστίλβοντες</em></strong></span> <span class='ocrx_word' id='word_1_394' title='bbox 887 4221 1001 4306; x_wconf 69' lang='lat' dir='ltr'><strong>tasso</strong></span> 
     </span>
    </p>
   </div>
   <div class='ocr_carea' id='block_1_3' title="bbox 274 3974 351 4129">
    <p class='ocr_par' dir='ltr' id='par_1_5' title="bbox 274 3974 351 4129">
     <span class='ocr_line' id='line_1_48' title="bbox 274 3974 349 4043; baseline 0 0"><span class='ocrx_word' id='word_1_395' title='bbox 274 3974 349 4043; x_wconf 76' lang='lat' dir='ltr'><strong>cias</strong></span> 
     </span>
     <span class='ocr_line' id='line_1_49' title="bbox 275 4062 351 4129; baseline 0 0"><span class='ocrx_word' id='word_1_396' title='bbox 275 4062 351 4129; x_wconf 68' lang='lat' dir='ltr'><strong>nte</strong></span> 
     </span>
    </p>
   </div>
   <div class='ocr_carea' id='block_1_4' title="bbox 0 0 1531 4817">
    <p class='ocr_par' dir='ltr' id='par_1_6' title="bbox 0 0 1531 4817">
     <span class='ocr_line' id='line_1_50' title="bbox 0 0 1531 4817; baseline 0 0"><span class='ocrx_word' id='word_1_397' title='bbox 0 0 1531 4817; x_wconf 95' lang='lat' dir='ltr'><strong> </strong></span> 
     </span>
    </p>
   </div>
  </div>
 </body>
</html>
