3017 4817
260 255 334 328 122
722 253 894 322 rnttvn

258 424 343 484 libris
358 419 449 501 longe
468 416 604 483 diversus
625 441 644 481 ιι
664 417 854 503 Theophane
875 421 1026 482 Diaconus
1048 431 1111 498 est3
1139 418 1174 482 id
1193 419 1277 504 quod
1295 424 1361 485 alio

256 511 325 570 loco
340 506 600 568 demonstrabitur.

342 593 415 654 ibid.
460 595 556 653 multe
583 603 652 654 suut
678 590 738 652 heo
760 594 793 651 in
813 589 1013 673 topographia
1031 611 1189 672 perperam
1212 613 1232 652 a
1249 592 1361 654 Theo-

256 678 357 760 phane
380 677 539 760 descripta.
586 682 719 758 primurn
739 679 810 736 Atel
834 682 990 758 ingentem
1011 679 1138 736 fluvium
1159 683 1267 738 asserit
1288 701 1361 739 curn

256 767 357 824 Tanai
378 767 498 824 misceri
523 775 612 844 atque
634 767 665 822 iu
682 762 865 823 Maeotidem
883 762 1058 822 decurrere:
1079 761 1135 822 aed
1151 775 1239 822 autea
1256 786 1360 824 rursus

257 869 276 908 a
290 853 391 909 Tanai
407 849 563 910 diductum
576 847 743 930 Cophinum
755 850 807 907 rel
821 851 922 908 facere
937 851 988 906 rel
1001 850 1141 928 excipere
1155 848 1243 928 (narn
1259 852 1361 907 ambi-

257 955 316 1014 gue
333 935 497 1016 loquitur),
523 945 613 1016 atque
628 938 660 992 in
675 937 835 994 Ponticum
848 954 1011 993 exonerare
1026 953 1110 1009 sese,
1138 933 1179 992 ed
1189 937 1359 1014 Neoropyla

256 1031 288 1078 et
313 1025 412 1100 Κριοῦ
433 1015 608 1100 πρόσωπον.
650 1029 720 1078 eunt
740 1018 817 1078 haeo
844 1022 960 1098 aegroti
984 1022 1093 1078 veteris
1116 1023 1244 1079 somnia.
1287 1023 1357 1079 Atel

255 1103 340 1166 idem
353 1117 399 1165 est
416 1126 485 1164 curn
499 1105 565 1166 Rha
578 1107 744 1165 Sarmatiae
760 1106 909 1164 Asiaticae
924 1106 1038 1182 ingenti
1052 1124 1125 1163 sane
1139 1105 1242 1180 fluvio,
1266 1125 1360 1186 quern

255 1191 337 1250 Ede!
357 1191 394 1249 ab
418 1192 526 1250 accolis
545 1191 682 1250 Tartesia
707 1187 859 1271 hodieque
881 1191 1030 1248 nominsri
1049 1190 1198 1262 referunt,
1229 1191 1268 1248 ab
1289 1192 1360 1250 aliis

261 1275 368 1356 Volgo.
413 1287 446 1333 et
461 1278 486 1334 is
503 1295 603 1357 neque
624 1294 693 1332 oum
704 1275 805 1334 Tanai
822 1278 929 1334 miscet
941 1273 1048 1348 undas,
1067 1294 1168 1354 neque
1181 1278 1215 1332 in
1229 1277 1361 1334 Maeoti-

259 1359 329 1419 dem
343 1357 397 1420 sed
413 1363 445 1418 in
460 1363 635 1441 Hyrcanum
653 1361 780 1440 pelagus
798 1361 955 1419 evolvitur.
997 1357 1052 1418 sed
1068 1369 1098 1418 et
1113 1361 1227 1418 falsum
1237 1363 1359 1418 Tanain

258 1447 297 1504 ab
312 1447 435 1504 lheriois
455 1447 540 1526 Pylis
561 1456 612 1504 sut
625 1447 758 1504 Caucaso
776 1445 880 1504 fluere.
922 1443 1006 1525 qnod
1024 1464 1096 1503 vero
1116 1456 1284 1503 monstrum
1302 1444 1358 1504 hio

257 1542 412 1612 procreat,
441 1551 511 1589 cum
526 1531 563 1590 ah
578 1532 675 1590 Atelis
695 1541 725 1590 et
738 1532 853 1590 Tanais
874 1530 1001 1590 divortio
1015 1528 1127 1588 exinde
1141 1529 1356 1609 Cophinemin

259 1621 362 1696 Κριοῦ
376 1610 540 1697 πρόσωπον
554 1613 692 1676 derivati
735 1617 824 1698 qussi
837 1613 904 1674 Rha
918 1627 1002 1674 trans
1012 1617 1133 1674 Tanain
1148 1617 1285 1695 elapsus,
1305 1618 1358 1674 in-

257 1703 393 1760 numeris
410 1703 573 1782 penetratis
585 1703 740 1777 omnihus,
772 1722 809 1759 eo
824 1702 988 1760 Tauricam
999 1699 1234 1776 Cherronesum,
1264 1719 1359 1781 qnam

257 1788 319 1846 lata
334 1797 387 1860 eet,
410 1805 548 1846 emensus
561 1788 594 1844 in
606 1789 766 1845 Ponticum
779 1786 925 1845 decurrat.
953 1785 1090 1846 inaudite
1101 1788 1192 1866 plane
1203 1797 1275 1846 sunt
1285 1790 1358 1845 ista.

257 1883 289 1932 at
305 1875 387 1931 enim
400 1870 583 1951 Theophani
597 1869 795 1930 condonanda
807 1891 843 1931 eo
854 1874 951 1950 magis
963 1869 1040 1930 haec
1050 1875 1210 1946 oscitantis,
1229 1870 1312 1951 quod
1322 1881 1355 1929 et

257 1961 290 2017 in
304 1955 495 2016 historiarum
510 1957 702 2037 scriptoribus
718 1957 786 2017 aliis
801 1956 979 2037 plerumque
999 1959 1049 2015 rel
1065 1957 1140 2017 fides
1152 1955 1206 2015 hao
1219 1959 1252 2014 iu
1265 1967 1355 2035 parte

255 2044 305 2101 rel
319 2040 475 2120 diligentia
489 2040 652 2102 desiderari
666 2043 773 2101 soleat.
801 2041 856 2102 sed
868 2061 958 2102 nemo
973 2044 1007 2100 in
1020 2041 1078 2102 hoc
1090 2053 1187 2102 tractu
1198 2040 1355 2100 delinean-

256 2125 296 2188 do
310 2129 491 2188 luculentius
505 2139 582 2188 errat
598 2147 690 2208 quam
711 2131 766 2208 qui
779 2131 1019 2187 accuratissimus
1043 2138 1073 2187 et
1094 2127 1222 2186 habetur
1240 2147 1260 2186 a
1276 2147 1359 2186 non-

255 2215 349 2294 nuliis
363 2224 393 2272 et
405 2212 510 2272 haberi
523 2215 618 2274 voluit
631 2216 821 2273 Amianus.
862 2211 915 2272 hic
933 2215 955 2271 l.
975 2218 1018 2277 22
1039 2215 1083 2271 sio
1097 2216 1255 2273 Ponticam
1271 2214 1358 2270 illam

257 2301 413 2379 regionem
431 2301 601 2358 narratione
622 2318 678 2358 sua
693 2297 841 2360 deformat
853 2309 889 2358 ut
902 2299 994 2357 aliam
1004 2318 1045 2358 ex
1059 2299 1120 2357 alia
1136 2311 1260 2378 repente
1274 2298 1359 2356 fece-

256 2387 305 2444 rit.
359 2386 496 2465 inprimis
517 2386 675 2443 Euxinum
696 2387 738 2444 ait
758 2381 893 2465 Scythici
917 2403 1004 2444 arcus
1024 2386 1058 2443 iu
1077 2388 1212 2464 speciem
1230 2386 1359 2463 geminis

255 2469 396 2528 comibus
415 2471 543 2544 inflecti,
567 2469 649 2550 quod
666 2491 773 2530 verum
790 2481 846 2530 est.
887 2468 969 2551 qnod
988 2480 1089 2528 autern
1110 2481 1247 2528 extreme
1268 2467 1357 2527 huius

254 2573 342 2614 arcus
360 2553 435 2613 duos
445 2575 517 2614 esse
530 2557 681 2636 Bosporos
694 2557 815 2631 asserit,
844 2555 1040 2613 Cimmerium
1053 2565 1083 2614 et
1093 2552 1276 2628 Thracium,
1296 2551 1355 2612 hoc

255 2639 566 2784 tttttttitt
578 2638 1356 2807 ‘titrtiittttitlitttffiitttirit

259 2807 314 2868 dit.
357 2811 425 2890 quis
436 2807 513 2869 adeo
530 2807 731 2890 geographiae
745 2809 845 2885 rudis,
868 2812 969 2891 quiin
986 2809 1128 2891 Scythico
1147 2813 1201 2869 illo
1218 2831 1289 2868 arou
1300 2829 1358 2868 ne-

258 2897 334 2954 sciat
346 2898 432 2953 uerri
450 2897 544 2955 instar
557 2897 724 2956 Asiaticum
736 2915 802 2955 esse
816 2897 888 2954 litus
902 2915 920 2954 e
932 2898 1066 2974 Bosporo
1081 2893 1120 2954 ad
1133 2893 1262 2954 Colchos
1274 2893 1359 2953 Pha-

257 2983 366 3060 sinque
384 2979 530 3040 fluvium'l
553 3001 588 3040 ec
605 3001 683 3057 curn,
706 2991 739 3040 ut
754 2977 837 3038 idem
851 2981 999 3062 loquitur,
1022 2978 1181 3060 Scythicus
1195 2999 1278 3038 arcus
1293 2981 1356 3038 cri*-

257 3065 427 3124 oumdrrctis
444 3069 585 3146 utrinque
597 3069 743 3125 introrsus
759 3065 876 3144 pondre
895 3075 924 3122 et
935 3065 1055 3144 paor&
1073 3065 1210 3124 comibus
1227 3066 1354 3143 effigiem

257 3149 350 3207 lunae
364 3151 555 3210 decrescentis
568 3153 724 3222 ostendat,
753 3151 938 3208 medietatam
958 3161 1041 3209 reeta
1062 3163 1091 3208 et
1104 3149 1355 3228 mmadanguta

257 3233 422 3306 dividente,
444 3239 578 3317 primum
593 3257 687 3296 cornu
704 3237 741 3295 ab
759 3255 811 3295 ore
823 3233 974 3294 Thraciae
986 3237 1019 3294 in
1033 3239 1134 3314 Koreai
1144 3233 1280 3314 phonas
1296 3233 1356 3293 de-

257 3320 373 3395 sinere,
410 3321 481 3380 inde
501 3324 624 3401 regulae
644 3325 739 3381 instar
762 3331 885 3380 extento
908 3320 1087 3380 Cherronesi
1106 3323 1204 3380 littore
1225 3321 1356 3378 alterum

257 3423 350 3464 cornu
363 3405 549 3484 aliquantum
562 3427 651 3487 supra
660 3409 855 3466 Cimmerium
866 3409 1034 3486 Bosporum
1044 3405 1188 3481 inchoari,
1201 3405 1357 3464 indidem-

257 3509 318 3570 que
331 3491 435 3570 procul
450 3489 488 3548 ad
504 3489 630 3551 Colchos
644 3503 674 3551 et
692 3490 806 3551 Phasin
819 3511 915 3572 usque
928 3493 1051 3571 porrigi,
1074 3491 1256 3552 Maeotidem
1266 3511 1355 3571 porro

255 3577 378 3635 Euxiuo
390 3579 486 3636 Ponto
500 3597 620 3657 prorsus
634 3576 673 3636 ad
684 3581 918 3657 septentrionem
929 3575 1124 3636 incumbere?
1161 3597 1239 3658 quae
1253 3579 1356 3635 omnia

255 3673 414 3740 poetarum
425 3663 665 3741 elegantissimus
680 3665 843 3743 Dionysius
866 3660 886 3725 o‘
903 3659 1086 3744 περιηγητής
1103 3665 1202 3722 aureis
1219 3663 1356 3721 versibus

166 3757 188 3810 Ρ
205 3759 240 3816 77
259 3749 377 3805 cecinit.
420 3749 537 3829 reliqua
561 3747 643 3829 apud
665 3747 795 3808 eundem
808 3750 1005 3808 Ammianum
1022 3768 1083 3806 nou
1099 3749 1199 3807 minus
1218 3746 1355 3823 ridicule,

257 3832 341 3890 velut
354 3851 423 3890 oum
438 3853 456 3892 a
469 3835 607 3894 Cerambi
620 3836 822 3914 promontorio
836 3837 1020 3893 maritimam
1033 3853 1132 3904 oraru,
1160 3837 1245 3892 cuius
1260 3833 1357 3911 Halys

257 3917 380 3976 initium
393 3929 447 3992 eat,
469 3923 554 3979 nervi
568 3923 699 4000 speciem
713 3917 859 3978 exhibere
874 3917 946 3977 dicit
961 3917 1077 3978 duabus
1091 3938 1177 3977 arcus
1194 3919 1355 3977 summita-

257 4001 338 4062 tibus
358 4005 515 4083 implicati.
558 4009 642 4088 etqui
664 4007 752 4084 longe
774 4015 843 4063 ante
857 4005 1016 4064 carambin
1036 4005 1087 4063 ille
1107 4023 1216 4064 nervus
1236 4005 1354 4082 incipit,

256 4101 358 4166 nsque
374 4090 468 4170 Halys
482 4090 590 4151 fluvius
605 4095 634 4150 ei
647 4093 852 4172 promontorio
870 4090 945 4150 adeo
959 4093 1075 4150 vicinus
1090 4099 1145 4149 est.
1186 4091 1275 4147 mitto
1295 4089 1354 4146 alie

257 4189 408 4253 peraeque
421 4175 550 4252 absona,
580 4179 702 4260 quaein
720 4175 779 4236 hau
792 4177 883 4237 Ponti
898 4177 973 4236 etin
987 4178 1117 4258 Aegypti
1135 4171 1353 4253 chorographie

259 4267 290 4315 et
301 4257 332 4316 in
345 4260 411 4321 aliis
422 4262 516 4322 ferme
529 4263 668 4326 omuibus
681 4264 866 4325 committere
876 4264 963 4326 solet.
984 4273 1073 4346 atque
1087 4271 1121 4321 ut
1132 4279 1175 4320 ex
1186 4255 1353 4338 Theopha-
