3017 4817
373 379 379 389 '
438 377 639 452 rsnslcas
663 377 871 461 ACROASIN
896 381 938 453 ll.
1166 382 1238 457 105

132 541 290 629 coniungit
304 541 542 630 experientiam,
565 570 583 610 a
597 545 658 631 qna
670 544 840 611 medicinae
854 553 939 629 origo
955 559 986 610 et
998 553 1160 631 profectus.
1203 570 1238 613 ae

129 646 196 696 tota
215 634 340 717 quidem
361 635 512 694 medicine
531 636 686 717 quondam
706 655 768 696 uua
789 647 821 696 et
840 638 973 716 simplex
994 647 1123 713 arserat,
1145 655 1238 720 quarn

132 732 238 802 postea
251 722 284 780 in
295 721 399 803 plures
413 719 596 797 dirisemut,
615 741 763 782 manuum
777 724 944 782 ministerio
962 722 1029 782 aliie
1044 722 1235 792 demandato

220 811 291 872 193.
335 808 439 866 confer
460 810 676 888 Hippocratem
688 809 733 869 de
749 807 914 882 αἰοονίόαο,
936 809 1046 889 quibus
1067 811 1159 890 plana
1183 829 1238 868 cu·

131 890 236 952 randis
257 893 338 968 tria,
353 912 431 973 quae
454 914 496 952 ex
514 891 622 954 eodem
640 906 760 955 aumore
777 893 891 954 indicat
904 891 1028 970 Pisida,
1050 895 1238 957 celebrantur

132 998 151 1037 a
164 979 334 1052 veteribus,
355 976 497 1038 videlicet
511 981 649 1058 purgatio
668 967 760 1040 se'ctio
780 991 810 1040 et
828 982 917 1040 ustio.
961 981 1088 1040 sicusim
1104 979 1238 1040 remedia

128 1061 212 1122 nihil
230 1063 425 1142 proficerent,
444 1065 552 1123 ultima
568 1086 638 1144 spes
653 1069 685 1124 iu
700 1068 819 1125 anticus
834 1068 1028 1146 positaerat,
1050 1077 1085 1126 ut
1098 1077 1181 1146 patet
1196 1085 1237 1126 ex

128 1150 229 1228 ipsius
249 1151 439 1227 Hippocratis
459 1149 660 1229 Aphorismo:
683 1147 780 1216 dedeo:
799 1147 945 1232 φάρμακα
958 1145 1015 1214 ονόο
1028 1152 1128 1232 lacot,
1150 1152 1238 1257 ολδογ·

129 1257 188 1314 ρος
209 1234 309 1317 λῆταο·
332 1225 389 1296 ὅσα
411 1235 535 1316 σίδηρος
557 1230 616 1299 οὖν
639 1237 737 1318 Ipsus,
759 1239 823 1317 πῦρ
845 1238 945 1318 trient·
968 1231 1027 1300 ὅσα
1053 1234 1086 1300 δὲ
1101 1240 1164 1320 πῦρ
1178 1259 1238 1302 ουν

130 1319 233 1400 λῇτον,
250 1321 344 1380 ταῦτα
357 1323 416 1398 χρῆ
427 1323 560 1398 νομίζειν
576 1315 696 1402 uiolaru-
896 1349 899 1358 ·

221 1405 293 1466 198.
331 1401 526 1485 ‚polodiolirle
547 1399 640 1480 νόσος
668 1403 823 1464 vertebam
850 1403 1082 1462 uzhumom'lutit
1101 1402 1236 1476 morbus,

132 1508 195 1570 quo
212 1490 349 1547 maxime
366 1490 522 1549 laborabat
541 1493 692 1550 exercitus
709 1489 859 1547 Heraclii:
881 1505 954 1546 narn
966 1487 1069 1549 Phoco
1081 1499 1236 1568 regnante,

132 1575 188 1656 qul
209 1571 280 1632 odia
298 1583 329 1632 et
352 1575 455 1635 civiles
474 1574 674 1636 dimensiones
692 1574 832 1648 fovebat,
854 1593 916 1632 una
929 1590 1007 1654 pene
1022 1585 1085 1632 erat
1097 1575 1237 1634 militaris

132 1659 292 1738 disciplina
306 1656 345 1717 de
359 1659 537 1720 exercendis
554 1658 698 1719 caedibus
712 1669 743 1716 et
757 1660 881 1738 rapinis.
924 1656 1125 1740 φιλοβλοῖβεια
1144 1662 1237 1738 igitur

131 1755 182 1804 est
201 1743 295 1802 aniani
312 1745 432 1818 feritas,
454 1762 549 1826 quam
570 1745 700 1805 caritatis
718 1741 906 1802 Christianae
925 1747 1082 1823 proposito
1093 1744 1236 1824 exemplo

131 1827 249 1890 studuit
265 1827 387 1888 domare
408 1831 583 1907 Heraclius,
603 1841 639 1889 at
650 1847 692 1888 ex
704 1847 791 1910 seqq.
804 1829 914 1888 iambis
927 1829 1184 1905 fitmanifestrma,
1207 1838 1238 1888 et

131 1935 175 1974 ex
186 1912 393 1995 Theophane,
414 1917 469 1996 qui
476 1936 514 1994 p.
531 1915 596 1981 255
607 1918 651 1975 ita
666 1918 772 1996 paucis
785 1935 850 1974 rem
865 1911 1015 1974 declarat:
1039 1910 1121 1979 οὕτω
1133 1911 1168 1979 δὲ
1180 1937 1237 1978 κα-

131 2000 283 2075 θοπλίσας
297 1998 414 2076 πάντας
425 1997 622 2086 παρήγγειλεν
635 1995 755 2074 ἀδικίας
768 1994 943 2081 deiparae.
1309 2075 1312 2081 ι

216 2087 291 2152 208.
333 2105 410 2167 quos
429 2105 471 2146 ex
493 2088 625 2168 equestri
641 2087 752 2144 militia
771 2084 811 2144 ad
832 2081 1039 2165 pabulaudum
1058 2085 1109 2168 pel
1125 2081 1165 2142 ad
1179 2102 1235 2142 ex-

130 2169 315 2252 plorandum
343 2174 499 2233 Heraclius
527 2173 740 2252 praemiserat,
770 2189 822 2230 eos
848 2179 996 2251 tanquam
1015 2179 1172 2228 venatores
1193 2167 1239 2243 ele

131 2253 232 2340 &W
249 2258 401 2320 immisto!
420 2258 509 2318 nobit
528 2267 732 2337 repraesentat
744 2254 864 2332 Pisida3
888 2274 948 2336 qm
963 2263 1079 2314 mma
1092 2254 1237 2332 ,flegma
1329 2262 1331 2271 .

131 2341 317 2418 Samceuos,
338 2347 392 2424 qui
410 2343 449 2402 ab
468 2344 619 2424 equitibus
640 2345 719 2420 capti
737 2351 824 2416 suut,
849 2339 932 2421 quod
945 2340 1003 2399 feri
1019 2349 1120 2398 essent
1134 2340 1236 2398 aniano

131 2444 208 2488 vocs
222 2437 252 2486 et
265 2430 349 2487 cultu
361 2430 510 2507 corporis,
531 2427 612 2486 feras
626 2426 769 2504 appellat.

216 2511 293 2577 214.
333 2506 452 2594 ἥμερον
470 2532 526 2593 pro
545 2505 700 2593 ἡμρόοηρ.
742 2527 809 2570 rem
828 2508 975 2582 breviter,
994 2503 1049 2566 sed
1069 2508 1171 2568 miuus
1188 2507 1237 2568 di·

132 2599 241 2658 stincta
259 2600 304 2658 sic
320 2609 423 2658 narrat
436 2595 642 2702 Theophanes
654 2618 691 2676 p.
709 2597 792 2662 255:
814 2591 977 2697 γενόμενος
990 2589 1024 2656 λλ
1036 2591 1087 2698 ἐπὶ
1099 2589 1137 2655 eal
1150 2591 1237 2674 μέρη,

131 2681 698 2876 crunnum:
717 2679 1237 2843 ττοτττττγτττττττ;

133 2851 422 2954 seminamus
434 2848 591 2960 δεομότηγ
604 2849 720 2934 ἤγαγον
733 2848 809 2936 πρὸς
822 2845 877 2916 τόν
892 2844 1068 2932 Ἡράκλειον
1087 2847 1141 2912 παλ
1162 2843 1237 2910 ecri-

16 2957 22 2965 ·
132 2961 208 3014 τονρ
219 2953 405 3020 τρεψαμενοι
419 2935 551 3014 πολλοολς
566 2944 698 3002 ανεῖλον.

218 3027 294 3090 218.
335 3027 478 3086 Saraceni
496 3025 547 3086 vel
566 3023 680 3084 Arabae
703 3017 842 3081 Scenitae
862 3018 966 3078 multis
981 3018 1125 3076 iamaute
1138 3013 1238 3074 Hera·

103 3097 108 3108 ¹
135 3108 229 3168 olium
251 3113 338 3170 annis
357 3112 545 3172 innotescere
565 3118 738 3190 coeperant,
760 3103 816 3166 sed
837 3125 905 3164 cum
920 3103 997 3162 ciros
1010 3101 1086 3160 haec
1100 3111 1237 3180 tempora

133 3197 233 3274 magis
252 3195 463 3273 inclaruerint,
492 3195 565 3256 hinc
586 3196 693 3274 opinor
712 3193 826 3252 factum
847 3201 882 3250 ut
903 3185 1038 3249 historici
1058 3183 1237 3246 tradiderint

135 3300 187 3340 eos
208 3283 342 3342 Heraclii
365 3302 443 3342 auno
459 3287 497 3346 12
517 3285 651 3362 primum
664 3294 705 3338 ex
716 3277 829 3338 Arabia
841 3278 873 3336 in
887 3277 1091 3335 Romanorum
1105 3273 1235 3332 exitium

134 3369 280 3445 erupisse.
323 3367 472 3450 ἐξῆλθον,
496 3371 539 3427 ait
561 3363 772 3427 Constantinus
795 3359 984 3442 Porphyrog.
1005 3359 1043 3418 de
1062 3356 1232 3418 admirabar.

134 3453 211 3530 imp·
232 3457 350 3532 part-2
372 3474 399 3512 o.
417 3456 472 3527 16,
497 3451 530 3516 oi
549 3449 725 3534 Σαρααηνολ
744 3449 818 3530 puel
837 3442 1033 3530 Σεπτεμβρλῳ
1054 3447 1102 3525 rol
1159 3443 1237 3507 ἰνδα-

132 3539 263 3614 νοιοῖνορ
274 3531 401 3620 δεκάτης
414 3537 458 3612 εἰς
468 3533 504 3602 rt
517 3537 687 3602 δαδέναοον
702 3531 766 3610 hoe
776 3533 960 3616 Ἡρακλείου.
1003 3541 1033 3590 at
1048 3531 1112 3590 Pisi
1134 3531 1236 3588 aratia

131 3623 293 3701 perspicue
304 3643 361 3684 nos
372 3622 478 3684 edocet
489 3623 607 3684 iamdiu
619 3624 709 3682 esuis
722 3617 832 3680 finibus
847 3637 981 3698 egressos
994 3615 1159 3676 Saracenos
1172 3615 1236 3672 Ro-

133 3709 236 3767 manis
257 3710 351 3770 fuisse
374 3709 565 3770 detrimento.
606 3728 705 3787 nuper
725 3708 807 3765 enim
830 3703 1000 3782 audivimus
1017 3699 1166 3758 dicentem
1183 3695 1236 3760 καλ

132 3789 281 3868 πολλάκις
294 3787 457 3876 βλάψαντα
468 3791 524 3874 τὴν
538 3796 710 3874 παροινίαν.
752 3795 835 3851 iuvat
852 3792 944 3849 etiam
961 3807 1001 3846 ex
1013 3783 1121 3844 eodem
1133 3780 1237 3842 Pisida

133 3879 295 3938 observare
308 3893 466 3961 perperam
479 3881 662 3954 Saracenos,
685 3879 738 3960 qui
751 3892 792 3935 ex
805 3877 931 3951 Arabia,
954 3889 1023 3932 oum
1035 3871 1161 3944 Turois,
1183 3870 1236 3948 qui

134 3975 180 4022 'ex
191 3961 314 4044 Scythia
325 3967 452 4046 profecti
464 3977 549 4044 sunt,
572 3986 589 4025 a
604 3961 785 4048 quibusdam
796 3959 950 4020 conlundi.
992 3954 1130 4015 nondum
1143 3955 1234 4028 enim,

133 4067 208 4108 cum
229 4054 362 4130 primum
381 4054 539 4112 Heraclius
559 4051 598 4112 ad
620 4051 741 4112 Ciliciae
759 4050 846 4129 pylas
861 4041 1150 4104 venitdimicaturus
1166 4041 1236 4098 cum

132 4133 281 4213 Chaerea,
303 4139 422 4198 Turcae
436 4157 507 4196 cum
519 4139 676 4197 Saracenis
687 4133 796 4195 foedus
808 4135 956 4204 inierant3
979 4126 1061 4209 quod
1074 4143 1147 4185 sane
1162 4145 1237 4184 cou-

29 4254 30 4257 ο
132 4223 222 4300 tigit,
243 4233 407 4304 postquam
429 4220 513 4281 idem
534 4225 690 4282 Heraclius
708 4223 879 4280 'furcarum
894 4233 950 4296 ope
968 4212 1087 4272 adiutus
1103 4209 1236 4272 nando

131 4305 219 4367 bello
231 4307 398 4368 Choaroam
412 4310 592 4390 profligavit.
634 4319 707 4366 tanrc
720 4309 803 4366 enim
818 4306 937 4363 ancaa
951 4301 1108 4360 alacriores
1121 4298 1194 4356 facti
1207 4305 1238 4354 et

134 4395 199 4452 auia
221 4395 312 4454 rebus
321 4393 459 4456 ndentes
476 4395 555 4455 ultra
567 4393 722 4476 pervagari
734 4395 767 4451 in
781 4391 901 4474 Syriam
916 4403 1013 4470 usque
1026 4389 1237 4468 pervenerant,
