3017 4817
257 272 310 351 os
694 270 758 342 ou
789 268 933 343 cnon

259 440 363 501 aulem
381 435 463 501 hano
484 434 619 499 mediam
642 436 814 513 illustrant3
835 439 922 499 ouius
941 437 1022 499 latos
1034 456 1164 519 vergens
1177 436 1212 497 io
1224 436 1305 501 latus
1317 438 1376 499 in-
1487 419 1488 492 ἶ

258 531 353 587 terius
368 544 424 585 sex
439 524 585 584 viridibus
601 525 749 585 columnis
766 535 899 585 ornatur.
941 522 1051 585 harum
1064 525 1295 585 intercolumnia
1309 524 1375 585 ha-
1487 517 1488 608 ζ

259 615 333 672 bont
348 611 466 691 pluteos
482 610 597 671 similes
610 612 722 690 pluteis
737 613 853 692 primae
869 610 968 670 aulae.
1011 630 1131 688 manera
1149 610 1251 671 media
1272 615 1373 671 susti,
1487 643 1488 648 κ

256 708 347 759 netur
369 696 517 756 columnis
542 696 674 755 colorem
689 688 826 756 medium
839 699 919 755 inter
930 696 1034 755 elbum
1046 708 1076 756 et
1091 698 1233 776 glaucum
1246 715 1317 776 prae
1331 718 1371 757 se

256 782 438 856 ferentibus,
459 782 492 841 in
508 779 688 864 quadratum
703 780 842 841 ordinem
858 781 1026 863 dispositis,
1050 801 1178 864 quarum
1195 781 1272 841 duae
1285 792 1371 841 stant
1487 833 1488 838 ,

257 886 320 928 non
338 868 429 947 longe
444 887 462 925 a
477 868 571 927 latere
587 868 742 943 exteriori,
766 870 901 950 reliquae
919 866 996 927 duae
1011 886 1120 948 parum
1137 868 1246 928 absunt
1261 867 1299 925 ab
1314 870 1370 926 in-

256 954 361 1014 teriori
373 955 467 1011 latere
480 964 585 1013 orosto
598 972 655 1013 sex
667 956 827 1014 columnis.
870 974 912 1013 ex
924 951 982 1013 hac
995 952 1096 1013 medie
1110 955 1179 1012 aula
1194 957 1294 1011 exitus
1307 971 1370 1033 pa·

258 1048 303 1099 tet
320 1040 353 1097 in
372 1040 510 1114 tertiam,
531 1059 587 1119 per
600 1058 704 1098 arcum
717 1049 781 1098 tam
793 1040 855 1098 late
869 1050 1023 1119 patentem
1037 1058 1130 1121 qnam
1145 1041 1287 1113 alterum,
1309 1058 1370 1117 per

258 1142 353 1207 quem
375 1122 475 1183 aditus
499 1135 545 1183 est
566 1144 584 1183 a
605 1126 702 1204 prima
724 1126 795 1183 sula
809 1127 843 1183 in
858 1122 1033 1185 secumdam.
1076 1126 1164 1183 tertia
1177 1125 1246 1182 aule
1257 1126 1370 1183 similis

257 1210 432 1291 estprimae
446 1208 534 1269 aulae
547 1208 751 1289 longitudine,
771 1210 929 1285 fenestris,
950 1208 1177 1290 parastadibus‚
1200 1210 1369 1284 columnis3

258 1296 369 1377 quibus
388 1304 530 1377 quattuor
542 1299 706 1355 sustinetur
721 1299 785 1355 eius
802 1314 936 1367 camera,
959 1305 989 1353 et
1006 1296 1085 1355 latus
1103 1298 1229 1353 interius
1245 1314 1302 1354 sex
1317 1297 1370 1352 vi-

257 1378 384 1440 ridibus.
426 1382 489 1439 iam
499 1400 571 1440 vero
583 1384 662 1441 inter
675 1380 753 1460 pilas
766 1379 857 1455 duas,
880 1380 988 1462 quibus
1000 1383 1164 1440 sustinetur
1177 1390 1282 1460 quarta
1295 1399 1369 1459 pars

255 1485 272 1527 s
294 1465 404 1525 haereo
423 1464 634 1541 occidentalis,
657 1475 779 1525 exstant
801 1476 943 1546 quattuor
963 1466 1121 1524 columnae
1141 1463 1271 1541 virides,
1293 1483 1369 1523 eoe-

280 1570 390 1633 emque
406 1550 497 1611 binae
515 1554 640 1611 interae
655 1554 847 1611 coniunctae:
868 1552 948 1609 inter
960 1548 1017 1610 has
1032 1549 1222 1611 intercedunt
1238 1569 1296 1610 sex
1310 1570 1369 1609 oo-

254 1636 399 1698 lumellae
415 1636 526 1696 virides
542 1638 672 1695 Ionicae.
716 1634 863 1695 hactenus
879 1636 1011 1715 Gyllius.

340 1718 394 1787 4ο.
436 1724 473 1780 ln
493 1724 620 1781 istarum
634 1722 772 1780 aularum
790 1722 979 1801 superiorum
996 1739 1057 1779 uns
1069 1720 1248 1800 imperatrix
1261 1721 1366 1780 oonsi-

255 1814 336 1867 stere
350 1805 474 1881 solebat,
497 1826 567 1865 oum
580 1805 693 1865 divinis
706 1807 813 1865 officiis
827 1810 981 1865 intererat.
1002 1804 1037 1865 id
1051 1804 1162 1865 diserte
1178 1804 1368 1865 traditEus-

255 1895 356 1973 prius,
385 1891 439 1950 ubi
462 1890 500 1950 de
522 1892 670 1951 columnis
685 1890 890 1966 Thessalicis,
918 1910 998 1972 qnae
1018 1889 1059 1949 ad
1077 1894 1313 1971 septentrionem
1333 1900 1366 1949 et

254 1974 415 2037 meridiem
427 1986 591 2059 utrumque
603 1996 707 2036 arcum
721 1978 987 2057 septentrionalem
1002 1987 1032 2036 et
1040 1975 1243 2036 meridianum
1253 1976 1366 2035 sufful-
1487 2013 1488 2042 3

254 2063 358 2121 ciunt:
380 2060 414 2125 io
434 2063 521 2149 δεξιῷ
541 2059 575 2125 di
590 2062 643 2125 ιιαλ
662 2059 738 2125 κατὰ
754 2058 789 2126 sd
806 2056 968 2143 εοόἱνυμον
979 2064 1081 2137 κίονας
1092 2058 1197 2137 αὐτοῖς
1210 2055 1367 2143 naamat-
1487 2065 1488 2076 ¹

272 2170 341 2210 αιαι
354 2146 388 2211 is
405 2148 556 2210 Θιτιαλοῦ
571 2149 664 2211 ttoov
684 2147 901 2227 πεποιημένοι·
931 2145 1060 2231 decepis
1081 2144 1115 2210 di
1134 2150 1367 2226 μετεωρίζουσα

252 2170 367 2315 dsiccar
382 2232 604 2314 παραπλησίοις
618 2233 710 2309 eicos,
732 2226 920 2315 προκύπτειν
934 2238 999 2306 τοῖς
1014 2230 1213 2313 βουλομένοις
1230 2229 1367 2306 διδόντας

252 2314 287 2393 dr
305 2312 344 2382 cci
365 2311 549 2397 τελούμενα,
577 2312 657 2384 ὅθεν
677 2316 730 2379 καλ
750 2315 776 2398 ἦ
796 2316 916 2397 βασιλλς
933 2320 1076 2400 παροῦσα
1095 2323 1161 2392 ταῖς
1183 2314 1304 2400 ἱοριαῖς
1324 2321 1367 2406 τῇ

253 2401 410 2489 διροαργλρ
422 2406 486 2465 ταῖν
498 2401 672 2484 μυστηρίων
684 2400 852 2480 ἐφίσταται.

338 2488 392 2551 41.
435 2490 472 2545 ln
490 2484 570 2545 lsenc
593 2505 733 2565 superam
751 2484 836 2545 aedis
854 2494 972 2565 partem
994 2502 1136 2545 esoenms
1152 2486 1256 2545 existit
1270 2495 1365 2567 qust-

252 2578 323 2631 tuor
334 2568 483 2647 cochleis,
505 2588 582 2651 quas
594 2566 660 2629 dlxi
675 2569 715 2628 ad
728 2569 898 2630 fulciendas
911 2579 1054 2650 quattuor
1067 2573 1196 2631 maiores
1207 2573 1286 2650 pilas
1300 2591 1363 2630 une

252 2674 324 2717 oum
338 2674 425 2714 muro
441 2656 617 2736 opposuisse
631 2658 849 2731 lustinisnum,
878 2673 951 2713 cum
973 2656 1142 2734 collapsum
1163 2654 1362 2736 hemisphae-

121 2780 123 2785 ·
252 2740 334 2800 rium
353 2737 453 2803 denuo
472 2740 662 2801 instauravit.
702 2740 826 2821 ιιοχλλας
848 2739 1001 2800 Gedrenue
1026 2742 1159 2820 appellat
1181 2743 1249 2801 looo
1268 2761 1361 2820 snpra

253 2822 406 2907 descripto
419 2844 452 2886 n.
465 2828 517 2903 36,
537 2823 592 2887 sed
607 2845 669 2886 non
685 2828 758 2886 satis
776 2828 906 2906 proprie,
922 2828 1023 2907 inquit
1037 2826 1165 2905 Gyllius,
1180 2846 1251 2885 oum
1260 2831 1360 2906 magis

252 2912 286 2973 in
300 2912 491 2971 anfractuum
505 2912 689 2972 nonnalium
708 2930 801 2993 quam
817 2908 1008 2970 cochlearum
1025 2910 1151 2969 modum
1165 2912 1277 2991 gradus
1291 2933 1360 2972 sur·

252 3007 343 3078 gont:
367 3000 504 3079 quinque
522 2998 658 3057 animab
676 2996 859 3056 anfractibus
876 2997 914 3055 ab
930 2998 993 3055 imo
1008 2994 1194 3073 ascenditur,
1222 3018 1285 3057 non
1301 3018 1359 3056 ex-

253 3084 398 3162 asperatis
409 3084 443 3142 in
459 3082 587 3161 gradus,
616 3080 672 3142 sed
687 3085 721 3141 in
734 3084 861 3142 mollem
874 3083 987 3141 olivum
1001 3082 1177 3142 substructis
1192 3101 1233 3143 ex
1248 3084 1358 3162 amplis

250 3170 364 3227 mensis
378 3170 565 3227 marmoreis.
609 3164 873 3250 hoium'qninque
896 3167 1086 3225 enimetuum
1105 3169 1216 3248 siuprli
1230 3168 1285 3227 alti
1298 3188 1357 3227 un-

252 3250 399 3333 deviginti
414 3250 509 3332 pedes
525 3262 559 3315 et
579 3252 808 3333 sesquipedem,
833 3254 886 3311 loti
899 3256 1034 3333 quinque
1045 3250 1157 3333 pedes3
1190 3272 1231 3312 ex
1247 3254 1358 3334 quibus

250 3347 336 3417 patet
354 3340 560 3417 pavimentum
583 3340 773 3417 superiorum
796 3341 966 3417 porticuum
989 3356 1043 3397 seu
1065 3340 1321 3419 marcovaldus
1338 3358 1358 3397 α

250 3424 424 3567 tilla?
444 3421 719 3567 ‘tlt'tl'll
734 3421 925 3567 iiiii?
931 3420 1356 3568 ttlffltlt‘ll

251 3523 594 3653 cnrusttursimpsrcuurril
602 3591 644 3659 45
665 3528 780 3673 pediim
802 3604 833 3653 et
845 3591 1034 3674 sesquipedis
1051 3593 1161 3667 fuisse,
1190 3593 1353 3675 siquidem,

249 3688 284 3737 ut
301 3678 440 3738 observet
458 3678 598 3759 Gyllius‚
625 3688 689 3738 tota
707 3679 816 3759 templi
837 3677 966 3737 altitudo
988 3698 1006 3736 a
1026 3680 1198 3758 pavimento
1214 3678 1253 3738 ad
1266 3682 1354 3740 illam

251 3774 439 3823 curvaturam
454 3774 500 3822 est
516 3762 576 3828 142
589 3762 712 3844 pedum.
757 3766 940 3823 anfractibus
957 3766 1023 3823 istis
1044 3762 1209 3823 succedunt
1230 3766 1283 3823 alii
1296 3784 1354 3822 an-

246 3848 360 3908 fractus
377 3868 473 3929 usque
487 3847 526 3907 sd
539 3850 645 3931 templi
660 3860 783 3924 tectum,
805 3870 867 3909 non
880 3852 966 3908 clivis
984 3850 1105 3923 molliti,
1127 3847 1182 3908 sed
1194 3852 1227 3907 in
1241 3848 1354 3930 gradus

247 3932 344 3993 fracti.
386 3954 441 4014 per
461 3932 517 3993 hos
538 3936 632 4014 igitur
655 3934 805 3996 annaeus
826 3945 857 3993 et
880 3932 1018 3994 cochleas
1041 3932 1191 3995 adeuntur
1211 3938 1299 3995 aulae
1322 3946 1354 3995 et

247 4021 380 4097 porticus
401 4022 569 4098 superiores
588 4032 618 4079 ot
639 4038 778 4079 summae
798 4021 905 4099 templi
921 4028 1031 4099 partes.
1073 4030 1169 4080 totam
1184 4018 1263 4079 hano
1280 4038 1352 4099 gra-

248 4100 342 4161 duum
365 4108 474 4163 seriem
493 4103 683 4186 λαβύρινθον
707 4100 860 4187 ἐσάγοντα
873 4128 917 4178 εις
931 4100 968 4167 rui
980 4096 1109 4189 ὖαερρῖα
1124 4111 1179 4185 τῆς
1193 4106 1352 4185 ἐκκλησίας

245 4198 332 4246 vocat
346 4188 491 4269 Scylitzes
504 4210 535 4271 p.
549 4188 623 4255 804.
665 4194 806 4250 meminit
818 4199 971 4272 praetereo
985 4191 1098 4251 Paulus
1113 4192 1265 4250 Diaconos
1278 4193 1300 4249 1.
1308 4192 1350 4253 28

245 4272 394 4334 Historiae
409 4276 562 4334 Miscellae
581 4294 727 4359 ¹asscensus
749 4278 782 4334 in
795 4274 1031 4335 catechumenia
1052 4279 1257 4355 perdoceam
1277 4296 1352 4358 por·
