3017 4817
399 287 669 375 'uusuurrro
693 308 728 375 s.
752 306 944 377 sorana.
1180 311 1227 383 aa

114 474 275 556 praeclare
295 475 423 535 omnino
441 474 569 534 refertm
584 494 602 534 a
618 476 652 537 S.
668 480 781 537 Ioanne
795 474 1009 557 Chrysostomc
1024 476 1103 535 0rat.
1120 475 1157 535 de
1172 476 1229 535 ba-

115 564 235 642 ptismo
264 557 395 635 Christi,
425 562 478 641 qui
500 562 613 621 ferrum
635 560 718 630 istud
737 582 857 623 sacrum
875 560 1114 642 Epiphaniorum
1136 560 1228 639 diem,

116 644 250 727 proinde
271 664 412 705 mensem
430 648 637 726 χρυσοχίιιινα
658 652 832 707 Ianuarium
855 649 949 708 fuisse
969 650 1113 727 coarguit.
1156 646 1229 707 huic

117 742 225 790 autem
238 733 338 791 mensi
351 732 487 791 fortasis
500 731 534 791 id
548 730 675 813 epitheti
687 735 792 793 tribuit
806 734 996 795 silentiarius
1007 734 1045 793 ob
1058 754 1151 813 rogae
1162 753 1231 793 ma·

119 820 315 897 gichatrmm,
339 828 393 876 aut
406 820 498 876 xenia
510 828 540 876 et
550 828 667 879 ιτιιοιι
678 819 789 901 quibua
803 818 1000 894 donabantur,
1021 820 1141 899 ipsique
1155 817 1231 878 adeo

117 905 292 983 principes3
313 903 365 962 rel
377 912 456 962 certe
470 906 542 985 quia
556 924 593 963 ec
607 924 712 965 meuse
726 907 936 984 magistratum
950 865 1066 965 inibant
1081 906 1230 981 consules,

119 998 152 1046 et
169 990 392 1095 χραοοχίτανις
405 991 439 1047 iu
455 990 612 1089 publicum
628 990 841 1071 procedebant.
885 989 995 1049 dicitnr
1016 992 1098 1049 enim
1120 992 1231 1049 lanua-

119 1075 185 1133 riua
208 1069 272 1153 μὴν
287 1069 430 1152 dudam,
452 1078 562 1133 menis
577 1076 801 1147 consulum,1n
816 1074 940 1136 Anthol
955 1078 1058 1155 1.1p
1076 1072 1147 1139 124
1192 1074 1230 1135 da

118 1178 254 1238 quorum
273 1161 464 1238 processibus
483 1171 578 1239 agunt
595 1163 721 1220 Novella
743 1163 902 1221 Iustiniani
925 1160 1004 1235 105,
1037 1158 1232 1235 Claudianus,

117 1245 318 1303 blarcehhrus
338 1246 463 1320 Cernes,
486 1247 659 1351 corippus,
671 1244 842 1307 chronicon
853 1244 1021 1305 Alexandr.
1038 1256 1068 1305 et
1082 1248 1145 1305 alii.
1188 1250 1233 1305 sio

118 1339 227 1387 autem
219 1328 490 1435 chrysostomus:
512 1327 608 1415 ταύτῃ
621 1326 679 1436 γὰρ
694 1338 734 1419 τῇ
745 1356 790 1413 ημ
792 1332 861 1437 ἐρα,
884 1326 961 1394 καθ’
979 1327 1022 1412 ἣν
1040 1332 1232 1413 tuccetum,

117 1410 228 1477 nol
189 1438 259 1520 νην
260 1419 326 1478 τοῖν
338 1409 461 1478 dddruv
474 1414 582 1521 η’γίαοι
596 1411 704 1494 φύσιν.
749 1413 802 1479 διά
813 1441 861 1480 τοι
875 1420 965 1480 τοῦτο
979 1414 1031 1479 acl
1046 1418 1232 1525 μεροννκιίῳ

118 1495 201 1561 κατὰ
220 1494 280 1579 triv
301 1498 412 1579 ἑορτήν
428 1496 541 1581 ταύτην
558 1496 689 1577 ἅπαντες
700 1498 922 1583 ν’δρενοᾶμενοι
938 1498 1095 1566 clauda
1058 1526 1096 1564 ια
1111 1496 1232 1577 νάματα

119 1579 326 1647 ἀποτίθενται
347 1585 401 1647 καὶ
419 1587 461 1660 εἰς
474 1585 615 1651 ἐνιαοτὸν
627 1585 791 1670 ὀλόκληρον
805 1580 1070 1695 ρινλᾶττουσιν,”
1049 1610 1101 1649 ατε
1118 1583 1158 1666 dq
1175 1580 1233 1663 σή·

119 1692 218 1775 W
235 1667 446 1752 ἇγιαοθὲντων
460 1674 523 1734 τοῖν
538 1668 670 1735 caldeos.
712 1668 814 1735 uel
779 1696 813 1735 το
829 1679 953 1754 σημεῖον
969 1674 1095 1776 pluerat
1097 1670 1232 1774 δναργές,
1341 1748 1344 1755 .

119 1777 161 1817 oo
152 1750 459 1861 ’διαφθειρομένης
461 1752 584 1820 ν’δᾶταν
599 1757 723 1821 ὶιεὶνιον
737 1751 904 1843 φύσιας
874 1762 919 1820 rui
935 1780 1043 1859 nunes
1040 1781 1094 1821 τον
1109 1754 1230 1839 χρόνον,

120 1832 194 1902 a’at'
216 1840 261 1915 εἰς
283 1837 425 1905 ἔνιαοτον
444 1834 608 1948 ὁλόκληρον
628 1844 682 1906 acl
703 1840 761 1907 δύο
783 1842 837 1907 sul
858 1820 926 1926 epla
946 1837 1234 1924 candentiaque&

121 1918 262 2029 σήμερον
286 1920 489 2031 ἆρτληθέντος
514 1923 658 2009 οἷκεραίον
684 1930 736 1991 aul
766 1934 878 2011 νεαροῦ
900 1926 1059 2009 μένοντος,
1089 1926 1140 1991 nul
1159 1923 1234 2006 pred
1336 1934 1340 1945 '

119 2014 272 2073 moriter
290 2007 346 2074 τᾶν
365 2005 478 2092 χρόνον
497 2018 561 2085 τοῖς
584 2038 651 2095 αρτι
673 2039 736 2077 των
757 2018 863 2095 πηγῶν
883 2013 1100 2095 ἐξαπαρθεῖαιν
1120 2008 1235 2077 ὕδασιν

120 2094 346 2173 ἁμιλλωμένου.
391 2106 490 2157 exstat
500 2118 589 2176 porro
603 2102 769 2159 etiamnum
780 2098 871 2159 hodie
881 2096 1006 2178 phiala
997 2109 1056 2157 asta
1068 2096 1234 2177 Sophianai,

119 2181 196 2255 ubi,
218 2184 303 2240 nteit
318 2183 455 2260 Gyllius,
475 2203 623 2261 perennes
636 2186 749 2243 saliunt
763 2203 874 2265 aquae,
898 2182 938 2242 ad
951 2202 1026 2265 quaa
1040 2182 1235 2243 exareade·

119 2264 280 2325 rcenditur
290 2268 396 2325 multis
411 2265 564 2347 gradibus.

210 2354 264 2416 23.
304 2353 443 2410 Aulae'
433 2370 518 2430 ipsae
538 2362 568 2410 et
587 2352 663 2410 atria
687 2350 809 2411 aedium
831 2372 984 2414 sacrarum
1004 2371 1059 2411 sua
1081 2350 1234 2411 habebant

119 2430 287 2517 προαύλια.
328 2455 402 2515 prae
420 2440 525 2495 ceteris
541 2456 614 2495 vero
635 2440 745 2495 atrium
768 2436 942 2517 Sophiauae
962 2436 1046 2497 aedis
1057 2438 1233 2516 porrectiori

122 2532 155 2579 et
175 2522 282 2601 amplo
303 2522 386 2594 lom,
404 2523 568 2601 porticibus
589 2522 714 2601 perinde
738 2524 835 2583 cincto
855 2534 885 2583 et
900 2524 1069 2628 magnificis
1090 2520 1234 2581 aediliciis

122 2618 281 2682 exornato,
303 2608 526 2681 obversabatur,
550 2606 633 2687 quod
645 2602 867 2690 Αυγουοταιον
889 2602 1108 2689 Adyovcrcauiv
1123 2617 1154 2666 et
1164 2601 1233 2669 Au

122 2686 281 2795 roveredo
302 2695 473 2770 promiscue
495 2693 704 2772 appellatura
726 2694 931 2773 scriptoribus.
975 2704 1039 2752 erat
1059 2704 1176 2766 autem,
1198 2700 1234 2751 ut

122 2780 227 2853 innrri,
248 2777 352 2835 lorum
371 2782 488 2852 maius,
511 2781 560 2837 oui
577 2781 711 2837 Zonaras
733 2803 755 2840 u
757 2781 900 2860 ροανλίον
920 2778 1073 2837 interdum
1096 2778 1235 2856 appella-

123 2822 240 2921 tionerh
254 2863 377 2937 tribuit,
400 2874 435 2921 ut
449 2874 480 2921 et
495 2862 682 2943 Nicephorus
696 2866 855 2943 Gregoras.
893 2863 1059 2942 proaulam
1078 2862 1157 2921 dixit
1176 2866 1235 2921 Or·

124 2945 244 3008 derioua
265 2949 414 3007 Vitalisl.
433 2951 506 3028 2p.
521 2948 596 3013 412.
638 2947 1234 3027 Glars.Saxon.Aelfrioi·p1-oaulai.

124 3032 232 3092 ὀοιιιιιι
253 3052 358 3091 eoram
379 3034 469 3104 aulo,
491 3033 582 3093 uelde.
628 3028 649 3095 cl
649 3030 744 3117 γορᾶν
764 3054 826 3093 nou
847 3037 942 3095 semel
962 3043 1050 3093 vocat
1069 3035 1234 3111 Procopius

125 3116 279 3178 dededif.
297 3120 376 3193 12,
399 3119 452 3178 uba
464 3118 650 3179 describatur
692 3120 765 3178 huic
778 3122 933 3199 complura
945 3118 1133 3177 inaedificata
1149 3126 1235 3176 erant

126 3205 238 3283 politia
251 3222 288 3262 ao
303 3162 434 3262 dendus
425 3208 560 3283 ursignes
576 3216 606 3263 et
618 3204 708 3263 aedes
718 3207 834 3285 aliquot
849 3224 968 3278 sacrae3
991 3215 1081 3285 atque
1095 3206 1234 3282 inprimis

126 3308 274 3368 magnum
284 3289 473 3367 palatium
443 3294 579 3349 vicinum
592 3291 686 3349 luisse
700 3300 825 3349 testatur
838 3292 1012 3369 Procopius,
1035 3292 1119 3347 ouius
1135 3290 1233 3347 tricli-

125 3377 227 3449 nium,
251 3373 335 3455 qucd
348 3376 557 3453 Augustaeum
567 3377 738 3456 spectabat,
762 3378 913 3451 τρίκλινον
926 3379 982 3439 τοῦ
998 3370 1234 3455 Αὕγονστεοῐνος

127 3457 237 3519 dicitur
249 3458 333 3539 apud
346 3458 569 3539 Theophanem
584 3466 674 3521 variis
688 3465 720 3519 in
734 3462 824 3533 locis,
845 3463 877 3519 in
900 3480 959 3541 quo
980 3478 1088 3522 corona
1107 3458 1233 3518 donatas

127 3546 244 3626 aliquot
265 3548 418 3624 Augustas
440 3549 550 3620 refert,
581 3556 616 3605 ut
638 3557 669 3605 et
688 3544 936 3626 Theophylactus
960 3546 1125 3605 Simocatta
1148 3546 1167 3606 1
1201 3546 1233 3605 1.

126 3632 276 3689 ineertmn
300 3650 390 3709 porro
414 3650 452 3689 au
473 3632 638 3690 triclinum
656 3631 741 3691 istud
762 3650 801 3690 an
820 3651 890 3691 reru
907 3634 1007 3711 ipsum
1024 3633 1234 3708 Augustarum

126 3716 227 3775 iorum
242 3717 396 3794 intelligat
409 3715 578 3776 Ghrcnicon
597 3716 855 3791 Alexandrinum,
879 3715 952 3775 dum
967 3719 1009 3775 ait
1024 3734 1103 3773 anuo
1117 3718 1137 3777 2
1151 3716 1234 3777 Iseo·

127 3803 176 3860 uin
189 3804 235 3859 bi.
254 3804 461 3880 Augustaeum
479 3822 497 3861 a
510 3801 685 3863 Theodosio
701 3804 783 3862 urhis
796 3803 946 3882 praelecto
968 3803 1001 3864 ἐκ
1020 3800 1156 3882 πλαγίαν
1176 3798 1234 3876 τῆς

127 3879 262 3967 μιγαλης
273 3887 431 3967 {astuciae
446 3898 632 3948 exstructum
645 3890 740 3949 fuisse
757 3890 808 3947 rel
822 3899 900 3947 certe
913 3890 1122 3946 instauratum.
1164 3884 1232 3943 Au-

127 3982 255 4073 gustaeo
266 3973 393 4051 perinde
406 3972 630 4033 inaedificatum
649 3984 728 4048 erat,
750 3983 785 4032 ut
801 3984 903 4033 auctor
920 3983 964 4031 est
977 3971 1120 4030 Nicetes
1111 3988 1143 4027 tu
1157 3969 1234 4027 Ale-

127 4060 183 4116 xio
197 4060 348 4118 Manuelis
362 4060 441 4134 tilio,
462 4062 566 4119 Alexii
578 4062 727 4139 templum
741 4079 796 4120 seu
810 4060 1036 4129 monasterium,
1057 4053 1144 4127 illud,
1166 4058 1234 4133 opi-

127 4160 200 4218 nor,
222 4143 307 4226 quod
323 4145 362 4203 ab
376 4146 487 4204 Alexio
503 4144 673 4225 patriarcha
689 4147 753 4220 GP,
776 4147 830 4226 qui
846 4139 1047 4203 Mouomacho
1066 4144 1234 4218 imperante

127 4231 224 4303 vixit,
248 4249 361 4289 nomen
381 4233 520 4289 sortitum
542 4242 608 4305 est,
630 4234 676 4289 uti
691 4234 825 4291 Zonaras
843 4241 872 4288 et
887 4229 1032 4309 Scylitzes
1049 4244 1235 4285 commemo-

128 4325 212 4386 rant3
231 4314 387 4375 diversum
400 4334 419 4375 a
431 4316 466 4377 S.
477 4318 584 4376 Alexii
593 4316 685 4395 aede,
706 4320 740 4375 in
753 4318 838 4377 cuius
851 4311 1085 4375 catechumeniis
1100 4311 1235 4370 celebra-
