3017 4817
228 321 301 395 124
377 320 552 406 QUERGII
576 323 634 389 DE
652 321 793 390 BELLO
817 319 940 389 svnt.
960 319 1177 388 MONITUM.

226 505 296 552 mm
308 489 362 549 lib.
379 487 418 566 4,
444 493 581 549 Aenesm
594 489 742 565 Silvium,
771 488 824 570 qui
844 497 948 569 postea
964 487 1023 546 fult
1036 489 1109 546 Pius
1122 489 1163 546 11.
1185 487 1342 566 pontifex,

228 579 313 638 ffies.
331 575 369 636 cle
385 577 451 636 Sec.
463 586 548 655 pare.
558 575 669 647 Asiae,
684 575 821 656 aliosque
835 577 932 654 gentis
943 575 1097 632 feritatem
1110 570 1343 632 crudelitatem-

231 680 291 746 que
306 671 478 725 manentes
491 679 613 742 unaque
627 661 722 720 simul
734 669 943 720 exsecrantes:
965 677 1021 718 nos
1039 661 1130 734 enim,
1152 669 1186 717 ut
1200 656 1253 716 hic
1269 669 1342 716 tan-

231 762 298 810 tum
309 746 348 806 de
359 746 491 806 secunda
506 749 687 806 Hunnorum
700 749 865 827 irruptione
879 745 970 804 verba
985 745 1142 818 faciamus,
1165 756 1271 803 monet
1285 747 1341 802 Pi-

231 832 318 910 slds,
346 835 401 913 qul
420 830 607 892 horrendum
626 832 763 908 facinus,
792 830 875 914 qnod
895 849 974 890 anuo
990 828 1103 890 Christi
1116 833 1181 894 626
1196 828 1237 888 de
1252 849 1340 888 ever-

232 916 325 980 tenda
337 916 426 998 cpoli
441 919 556 978 stam
571 918 673 976 animo
688 925 901 997 conceperant,
928 916 1085 976 versiculis
1100 935 1164 974 non
1179 915 1342 994 inelegan-

234 1005 315 1066 tlbus
334 1002 486 1064 describit.
548 1012 657 1065 verum
681 1019 751 1061 cnm
777 1021 812 1062 ea
838 1003 956 1076 omnia,
992 1019 1071 1082 qnae
1098 1019 1180 1059 nnnc
1213 998 1341 1059 dicenda

235 1099 336 1150 essent
350 1088 388 1149 de
401 1089 561 1165 Aberibns,
577 1086 766 1148 commodius
778 1091 811 1146 in
824 1089 902 1147 notis
915 1084 955 1146 ad
967 1087 1103 1165 singulos
1117 1105 1223 1146 versus
1237 1086 1340 1145 reterri

235 1178 367 1256 possint,
389 1193 408 1235 a
423 1189 647 1254 supervacmeo
664 1193 755 1253 opere
769 1171 819 1232 hic
832 1170 1044 1232 abstinendum
1056 1170 1206 1231 ducimus.
1248 1173 1341 1252 igitur

235 1261 371 1320 Abacum
399 1261 549 1340 originem
572 1259 703 1320 breviter
725 1257 876 1318 indicasse
894 1257 1039 1334 sufficiat3
1071 1276 1107 1316 ac
1127 1259 1222 1338 siquis
1242 1255 1343 1315 adhuc

236 1347 325 1426 plura
344 1347 428 1424 cupit
448 1340 621 1420 addiscere,
653 1343 742 1403 adeat
757 1345 906 1404 Francisci
926 1343 1010 1402 Foris
1027 1339 1184 1402 Otrokocsi
1204 1341 1342 1422 Origines

236 1431 453 1510 liturgan'cm,
467 1450 528 1512 quo
542 1433 575 1489 in
590 1429 668 1489 libro
679 1431 860 1490 Hunnorum
872 1430 1065 1511 Abarumque
1077 1443 1125 1487 res
1139 1445 1257 1487 ssunma
1271 1445 1343 1485 eru-

240 1513 361 1575 ditionis
382 1518 468 1597 copia
481 1525 709 1596 pertractantur.

324 1599 412 1674 Quod
425 1611 527 1660 antem
540 1596 735 1682 adpraesens
748 1603 857 1678 poema
872 1607 1002 1678 spectat,
1031 1599 1138 1679 Sergio
1156 1595 1345 1680 patriarchae

242 1705 307 1746 esse
319 1689 497 1766 inscriptum
509 1687 598 1745 lecile
614 1684 813 1766 dignoscitur:
842 1699 973 1766 namque
989 1686 1018 1744 el
1035 1687 1137 1744 statim
1150 1687 1182 1746 iu
1197 1687 1345 1764 principio

242 1769 301 1830 hcc
315 1769 464 1852 quidquid
477 1782 522 1830 est
532 1771 644 1831 laboris
654 1773 702 1830 sui
715 1767 803 1828 offert
809 1767 922 1846 Pisida,
940 1791 971 1830 ν.
982 1774 1033 1844 12,
1056 1789 1091 1828 ac
1106 1768 1215 1828 deinde
1229 1773 1347 1850 passim

242 1859 343 1936 ipsum
364 1853 547 1937 adloquitur.
589 1854 665 1914 belll
680 1865 782 1914 autem
796 1873 948 1913 summam
962 1853 1071 1914 ducem
1083 1855 1171 1914 lirisse
1187 1849 1346 1934 deiparam

242 1942 392 2018 virginem
411 1950 496 2022 patet
509 1958 551 2001 ex
561 1941 636 2022 ipsis
647 1940 752 2021 primis
765 1941 901 2000 versibus
916 1940 1044 2022 aliisque
1058 1941 1138 2020 operi
1151 1941 1324 1998 intertextis
1336 1955 1346 1997 ε

243 2029 309 2084 eius
331 2027 414 2083 enim
435 2040 492 2106 ope
519 2043 589 2087 vere
609 2023 711 2105 cpolis
733 2034 779 2084 cst
801 2025 839 2084 ab
858 2023 994 2085 hostium
1016 2027 1183 2084 incursione
1206 2023 1347 2100 liberata,

244 2107 287 2169 nt'
300 2128 405 2170 omnes
427 2114 586 2192 scriptores
598 2111 762 2191 Byzantini
784 2129 844 2169 una
870 2111 962 2170 simul
983 2129 1053 2169 cnm
1069 2108 1171 2170 Pisida
1190 2119 1348 2186 testantur,

246 2197 299 2277 qni
312 2213 380 2254 eam
393 2197 490 2256 solam
504 2207 606 2256 contra
618 2197 733 2256 Abares
746 2193 941 2254 dimicantem
955 2206 1168 2275 repraesentat.
1211 2193 1267 2254 sed
1277 2195 1351 2255 Ser-

248 2283 333 2360 gium
347 2296 468 2363 quoque
479 2281 582 2362 ipsum
594 2292 630 2341 nt
642 2281 739 2341 alium
754 2279 831 2340 belli
850 2279 958 2340 ducem
976 2283 1269 2363 praestantissimum
1282 2277 1352 2340 ubi-

248 2386 309 2447 que
323 2366 530 2444 commendat,
559 2366 614 2428 sed
634 2366 688 2448 qui
702 2365 849 2426 secumdas
862 2377 964 2445 ageret
979 2377 1094 2446 partes,
1121 2386 1179 2425 nec
1191 2367 1251 2424 nisi
1263 2385 1351 2446 prece

250 2461 280 2510 et
292 2451 425 2511 lacrimis
438 2462 596 2531 pugnaret,
619 2463 650 2510 et
659 2453 786 2530 virginis
801 2449 942 2531 deiparae
958 2462 1033 2511 nutu
1048 2469 1105 2530 cpe
1121 2459 1152 2510 et
1164 2453 1287 2511 consilio
1303 2463 1351 2510 tc-

250 2547 315 2594 tam
328 2553 395 2594 rem
406 2538 571 2596 militarem
585 2535 817 2613 administraret,
839 2557 869 2595 ν.
886 2537 959 2602 230.
1002 2539 1094 2616 igitur
1106 2555 1124 2595 a
1138 2539 1283 2617 principio
1296 2555 1351 2596 us-

251 2639 311 2700 que
328 2618 367 2678 ad
384 2641 414 2678 ν.
432 2621 494 2685 125
510 2623 646 2680 Aboram
658 2623 760 2700 origo,
786 2621 844 2680 leri
861 2639 960 2681 mores
979 2619 1143 2682 etlreudes
1162 2633 1350 2681 enarrantur:

250 2717 323 2764 tunc
336 2703 443 2764 Pisida
451 2705 570 2765 bellum
582 2709 683 2785 ipsum
697 2707 860 2765 Abaricum
875 2705 1046 2782 exorditur,
1077 2719 1108 2767 ct
1127 2707 1208 2766 iacta
1226 2705 1265 2766 ad
1280 2706 1353 2767 Ser-

254 2793 339 2870 gium
351 2791 541 2851 invocatione
553 2793 685 2851 multum
699 2793 733 2848 in
747 2795 812 2851 eius
825 2791 931 2852 leudes
942 2796 1089 2867 excurrit,
1110 2791 1216 2852 dicens
1230 2813 1260 2852 ι’.
1277 2797 1354 2857 18οῐ

255 2864 282 2938 d
297 2871 398 2938 πάντα
409 2873 559 2959 πράττων.
599 2893 658 2936 nec
672 2893 745 2938 sane
763 2879 914 2936 immerito
927 2877 1058 2956 multum
1072 2876 1129 2937 hac
1148 2882 1181 2937 in
1201 2899 1234 2937 re
1250 2877 1357 2957 Sergio

252 2962 408 3021 tribuisset
434 2974 537 3022 noster
557 2963 722 3042 Georgius,
757 2965 784 3022 si
803 2961 930 3022 mudum
949 2983 1067 3023 serrare
1086 2973 1205 3024 nosset:
1241 2974 1359 3022 constat

226 3072 231 3082 ·
254 3050 338 3105 enim
351 3047 451 3127 Sergii
472 3047 625 3108 custodiae
645 3066 706 3107 una
727 3067 798 3106 cum
817 3049 887 3108 filiis
903 3049 1011 3108 urbem
1030 3048 1267 3109 commendatam
1282 3049 1358 3107 reli-

257 3134 359 3212 quisse
375 3133 550 3192 Heraclium
564 3135 776 3214 imperatorem
795 3143 862 3192 turn
879 3151 949 3194 cum
968 3145 1070 3194 contra
1085 3133 1246 3196 chosroam
1262 3133 1361 3193 dimi-

256 3227 377 3277 mturus
389 3215 542 3294 discessit3
573 3222 658 3279 cuius
679 3219 725 3278 rei
738 3218 823 3279 testis
846 3227 891 3279 est
910 3230 1028 3300 praeter
1046 3228 1159 3280 ceteros
1171 3217 1362 3299 Nicephorus

259 3299 427 3379 patriarcha
437 3305 471 3360 in
484 3305 616 3364 Historia
625 3324 661 3383 p.
681 3306 733 3368 11.
777 3305 951 3380 Heraclius,
981 3305 1081 3366 Pelsis
1097 3315 1128 3365 et
1140 3305 1289 3365 Abaribus
1304 3325 1364 3364 eo-

261 3383 478 3466 demtempore
491 3390 719 3465 infestantibus,
749 3407 820 3448 cum
836 3392 928 3449 simul
944 3396 973 3449 et
986 3392 1067 3450 farne
1081 3403 1112 3450 et
1125 3391 1300 3470 pestilentia
1315 3411 1365 3450 res

259 3469 379 3550 publice
393 3484 588 3551 premeretur,
603 3477 813 3558 προσεκαλεῖτο
825 3470 954 3558 Σέργιόν
966 3499 997 3538 τε
1010 3474 1064 3540 τόν
1076 3478 1132 3557 τῆς
1143 3473 1262 3550 πόλεως
1272 3473 1366 3558 πρόε-

260 3557 353 3636 δρον,
380 3555 424 3620 ἔτι
438 3580 470 3621 τε
485 3558 537 3622 sci
549 3557 695 3641 ἄρχοντος
708 3557 760 3622 sci
774 3556 808 3622 sd
824 3558 930 3624 λοιπὸν
942 3566 1000 3624 τοῦ
1015 3563 1092 3624 lecti
1105 3561 1209 3644 μέρος,
1236 3563 1366 3645 παρατί-

260 3647 350 3703 θεται
365 3637 470 3718 adroic
483 3642 556 3719 code
571 3647 692 3722 scidae,
713 3644 888 3709 salsum
900 3643 956 3711 τόν
970 3647 1130 3729 πατρίκιοι
1144 3645 1299 3729 ἐγχειρίζει
1311 3643 1367 3720 τοὶς

262 3731 324 3789 τῶν
337 3725 521 3810 πραγμάτων
535 3725 706 3811 διοικήσεις.
750 3740 782 3788 at
798 3729 910 3808 Pisida,
927 3731 1008 3814 quod
1021 3729 1146 3814 quidem
1156 3731 1294 3812 plurium
1308 3749 1366 3812 ope

263 3823 293 3870 et
306 3815 415 3872 virtute
428 3815 599 3876 confectum
612 3817 687 3892 fuit,
717 3827 815 3874 totum
828 3815 861 3875 id
878 3819 973 3877 voluit
989 3813 1028 3878 ad
1037 3817 1139 3896 Sergii
1155 3821 1302 3897 pietatem
1317 3837 1369 3877 re·

262 3898 358 3973 ferre,
386 3910 419 3958 ut
436 3900 644 3961 tautummodo
655 3913 693 3960 eo
708 3909 846 3980 gemente
865 3913 895 3962 et
908 3905 1024 3984 virgine
1037 3902 1160 3983 deipara
1178 3912 1368 3984 protegente,

264 3983 355 4043 nullis
377 4003 449 4044 vero
470 3983 610 4046 humanis
626 3987 739 4046 rudius
752 3986 972 4065 adnitentibus,
1002 4000 1031 4050 et
1043 3985 1152 4048 urbem
1169 4001 1319 4050 servatam
1336 4001 1370 4048 et

264 4079 381 4144 partam
394 4073 551 4130 victoriam
563 4091 628 4132 esse
643 4083 800 4132 constaret.
