3017 4817
436 311 691 382 DESCRIPTIO
715 312 751 381 S.
774 312 968 383 sormllt
1186 312 1258 387 105

147 502 219 542 oran
230 481 361 541 dimeie
373 478 512 559 operibus
520 482 695 561 proieeirme
705 482 819 553 aureeb,
844 478 1046 559 pendmtibae
1063 482 1099 539 in
1110 483 1261 543 cannulis

148 578 296 648 quattuor
307 578 337 625 et
348 570 458 626 uncino
472 586 543 627 uno.
589 578 690 627 narrat
707 565 876 627 chronicon
890 565 1134 625 Alexandrinum
1148 588 1180 647 p.
1196 572 1261 633 716

148 652 281 713 Arcadio
306 656 474 733 imperante
495 664 590 712 terrae
610 664 695 713 motu
712 649 748 715 sd
766 646 973 735 αιγνόχριστον
991 656 1048 715 τοῦ
1063 654 1261 717 Καπετωλίου

150 737 316 813 cecidisse3
349 758 409 820 quo
427 740 493 797 loco
519 741 643 817 signum
661 738 775 799 Clerieti
794 735 872 797 nihil
897 735 981 795 eliud
997 748 1042 796 est
1057 756 1150 818 quom
1166 743 1263 799 crucis

149 826 284 903 signum,
301 822 384 905 quod
397 827 429 881 in
442 826 513 883 teeti
525 826 637 883 vertice
650 824 793 903 Capitolii
808 824 960 902 cpolitani
973 833 1106 882 erectum
1119 834 1192 899 eret,
1209 844 1261 904 οη.

120 908 123 919 ’
150 916 368 991 peiovnempe,
382 908 462 989 quod
473 913 529 972 τοῦ
537 910 671 973 αῑοῦτοῠ
679 903 850 987 dedorim
857 906 1261 988 didmrepudlliotthoeum,

149 998 197 1053 nti
212 996 317 1053 locum
334 992 416 1053 huno
429 997 665 1074 interpretantur
682 996 714 1054 S.
730 992 962 1073 chrysostomus
974 996 1090 1053 Hamil.
1110 997 1153 1058 77
1171 996 1203 1053 in
1217 992 1263 1059 24

149 1077 261 1154 bioth,
283 1077 542 1159 Theophylactus‚
563 1079 757 1161 Euthymios,
779 1081 932 1158 Origenes,
953 1078 1143 1158 Ephraemus
1157 1078 1195 1139 do
1210 1101 1262 1140 se-

151 1163 252 1225 cundo
276 1164 391 1224 domini
407 1164 555 1240 adventu,
588 1166 694 1224 etalii.
738 1166 807 1226 Vita
821 1166 855 1225 S.
870 1167 1003 1225 Tillonis
1014 1162 1157 1225 monachi
1175 1186 1201 1224 o.
1220 1171 1264 1231 20

151 1258 174 1309 t.
189 1253 367 1313 Motorum
382 1251 437 1311 SS.
452 1248 566 1309 ordinis
584 1252 617 1310 S.
631 1248 807 1310 Maedica:
829 1271 900 1310 cum
911 1270 1002 1329 super
1013 1250 1127 1309 vuinus
1134 1250 1265 1329 plenum

151 1335 307 1394 vmdbue
323 1335 435 1401 Chrceti
448 1338 571 1415 signum
584 1336 773 1414 deprimeret,
793 1346 913 1413 repente
926 1339 1037 1395 mortui
1052 1347 1125 1395 eunt
1137 1356 1260 1395 vanus.

150 1418 207 1480 sed
230 1432 261 1481 et
282 1423 405 1500 signum
427 1421 476 1479 dei
495 1423 529 1479 in
542 1423 611 1481 Vita
624 1422 658 1481 S.
670 1422 820 1481 Wolerioi
832 1442 860 1479 o.
874 1423 935 1496 21,
965 1432 996 1481 et
1011 1424 1133 1500 sc'gnum
1148 1422 1265 1481 domini

152 1508 326 1585 appelletur
341 1526 359 1565 e
375 1507 504 1565 Paulino
521 1508 610 1585 epist.
629 1508 688 1569 12:
717 1506 770 1565 vel
788 1507 846 1565 hoc
868 1506 906 1563 de
927 1508 1015 1587 cigno
1036 1507 1153 1565 dommi
1172 1527 1264 1586 super·

151 1591 324 1671 ἰαὲνεαεαηι
331 1592 430 1669 picto,
453 1590 513 1649 hcc
526 1594 623 1669 specie
637 1612 730 1670 quam
743 1612 848 1651 νανεαα
861 1591 996 1649 indicat:

320 1695 406 1735 cerne
423 1688 597 1735 coronatam
612 1676 728 1737 domini
738 1698 829 1756 cuper
842 1678 925 1736 αἰτία
944 1677 1058 1737 Christi

319 1772 400 1819 stare
413 1782 542 1819 crucem.

152 1844 229 1903 alios
243 1842 376 1927 denique
387 1844 576 1927 lychnuchos
595 1846 629 1905 in
642 1845 771 1909 modum
790 1847 864 1907 retis
885 1866 1035 1929 appensos
1054 1848 1193 1909 observat
1209 1847 1263 1909 Si-

150 1930 311 1991 lentiarius
325 1951 356 1991 v-
371 1933 451 1997 480:

322 2012 358 2090 ὃς
371 2014 404 2080 δὲ
414 2016 652 2100 παρισαείρητον
665 2014 830 2097 marcoldo
840 2014 990 2101 θέλγεται,
1008 2014 1099 2094 ἄλλος

321 2097 469 2183 εἰσορόων
481 2107 640 2183 λαμπτῆρα
653 2099 849 2183 μονάμπυκα.

154 2182 306 2242 eiusmodi
324 2197 395 2245 suut
418 2206 493 2269 quos
514 2186 655 2246 describit
669 2188 848 2245 Anastasius
865 2188 898 2244 in
916 2189 1020 2246 Leone
1035 2207 1074 2246 111
1089 2190 1159 2247 Pl’:
1185 2190 1268 2268 fecit

153 2288 241 2338 vero,
262 2268 317 2327 ubi
326 2292 435 2350 surpra,
456 2283 528 2330 ante
541 2274 710 2351 ingressum
720 2273 874 2349 praesepii
880 2270 1018 2348 phorum
1034 2274 1068 2331 in
1082 2274 1206 2331 modum
1220 2297 1270 2333 re-

153 2354 195 2411 tis
209 2374 280 2411 cum
293 2360 438 2428 canistro,
451 2390 495 2403 -
516 2378 631 2415 necnon
647 2368 675 2415 et
686 2356 785 2415 olium
795 2356 929 2435 pharum
941 2361 1084 2417 maiorem
1096 2361 1130 2417 in
1144 2360 1269 2419 modum

152 2441 226 2497 retis
249 2460 320 2499 oum
343 2444 482 2501 canistris
505 2444 565 2519 20,
597 2442 780 2521 pendentem
809 2441 867 2500 sub
893 2441 1010 2501 trabem
1034 2447 1188 2505 maiorem.
1234 2449 1268 2505 in
1355 2484 1359 2491 ‚

152 2526 257 2583 Leone
278 2545 331 2587 ιτς
354 2528 436 2607 fecit
457 2539 560 2587 autem
584 2530 629 2587 ad
647 2527 901 2585 illuminationem
921 2530 1017 2605 ipsine
1039 2529 1184 2589 basilicae
1207 2542 1268 2589 rete

152 2608 289 2669 adernam
302 2634 373 2671 cum
386 2615 526 2671 canistra
540 2616 690 2693 argenteio
704 2613 847 2671 decentet
862 2624 984 2690 reptem.
1029 2626 1060 2673 et
1077 2618 1111 2673 in
1132 2616 1268 2676 Benedi-

154 2706 202 2755 oto
218 2716 275 2755 111:
314 2700 347 2755 in
363 2696 490 2757 barilion
504 2699 546 2757 B.
563 2697 662 2757 Pauli
679 2697 809 2775 apostoli
821 2697 916 2755 adem
927 2701 1050 2758 ontinee
1062 2734 1106 2747 —-
1118 2702 1266 2778 palchen

153 2784 227 2839 runi
240 2782 357 2841 decoris
369 2794 442 2854 rete,
463 2784 590 2863 factzsm
603 2786 678 2841 miro
694 2804 794 2860 opere,
815 2794 912 2841 totum
927 2805 962 2841 ex
971 2788 1100 2863 gemmis
1114 2786 1267 2847 alvoberie

154 2878 184 2923 et
195 2866 292 2926 bullae
303 2872 404 2927 aureis
416 2902 460 2913 -
474 2868 601 2949 offirma
609 2869 740 2947 pendere
754 2870 851 2926 ineest.
883 2878 973 2948 atque
987 2868 1022 2927 hi
1037 2869 1162 2951 quidem
1174 2872 1266 2950 lych-

154 2950 250 3011 nuchi
272 2952 313 3012 ed
333 2956 463 3013 iornioes
485 2964 515 3013 et
537 2953 576 3013 ed
599 2956 728 3033 parietes
750 2956 878 3033 appensi
892 2964 992 3013 erent:
1015 2960 1264 3033 atapavimento

154 3040 362 3119 exsurgebant
376 3041 470 3099 veluti
485 3038 634 3119 quaedam
655 3040 754 3099 trabes
777 3060 832 3099 seu
848 3040 969 3098 arbores
984 3038 1042 3119 (sio
1058 3043 1141 3100 euim
1157 3046 1265 3123 eppei-

153 3122 256 3183 lentur
269 3146 286 3183 o
299 3126 471 3185 silentiario
483 3144 513 3183 r.
527 3124 606 3199 463,
629 3125 709 3200 tot,
731 3123 809 3204 479)
827 3124 936 3203 plenae
951 3126 1134 3205 luminibus,
1155 3130 1266 3211 quibus

154 3208 282 3271 inferior
294 3230 365 3291 pers
380 3210 487 3289 templi
505 3211 736 3284 illuminaretur,
758 3229 788 3268 r.
802 3209 880 3273 443:

321 3295 354 3371 λς
367 3294 400 3358 di
412 3290 496 3376 βαθύ
510 3297 658 3377 κρηπῖδος
673 3294 813 3358 tutatum
828 3291 909 3376 ἅβρα
922 3290 1045 3374 νοήσεις
1281 3309 1304 3365 Ρ
1322 3308 1376 3365 659

324 3375 459 3459 deipara
471 3382 637 3461 dtepuipoto
651 3380 742 3461 μέσον
755 3374 922 3459 τροχᾶοντα
936 3377 1077 3463 σιδήρου,

326 3458 370 3529 oin
382 3465 433 3530 tul
447 3461 613 3546 spondiaco
629 3460 748 3547 φάλαγξ
764 3468 965 3529 διανελσσεται
979 3468 1086 3549 αἴγλης

328 3548 493 3633 λθαπόροις
506 3545 685 3615 nevissem
699 3550 929 3631 tpwooptvom
944 3553 1079 3615 delitiae.

158 3638 199 3696 eit
219 3656 311 3718 porro
328 3638 519 3697 silentiarius
541 3635 581 3695 ad
603 3636 754 3696 eiusmodi
775 3638 915 3696 orborum
936 3638 1150 3697 collocantium
1164 3636 1270 3695 lmnen

157 3722 302 3803 progredi
317 3724 512 3803 intemplum
525 3720 715 3783 sacerdotum
732 3719 906 3796 cohortem,
937 3725 1026 3782 rectis
1040 3723 1153 3801 regulis
1168 3722 1270 3779 rubri·
1394 3712 1399 3717 ’

158 3810 298 3868 cantibus
317 3810 486 3889 illigetom3
516 3810 626 3890 quibus
641 3808 740 3868 verbis
759 3808 873 3867 elerum
889 3807 1073 3887 designavit,
1101 3809 1154 3887 qui
1171 3808 1270 3867 eoele-

158 3898 288 3955 siostiois
301 3895 466 3955 canonibus
481 3914 516 3954 so
532 3896 645 3973 regulis
659 3894 810 3967 subiecet3
839 3892 920 3953 unde
935 3893 1025 3956 ἐντῶ
1043 3890 1153 3954 κανόνι
1172 3876 1222 3949 vei
1236 3891 1271 3956 in

158 3984 214 4043 roei
226 3976 362 4057 κανόνος
375 3993 405 4040 et
418 3979 474 4039 sub
489 4000 603 4039 canone
615 3980 812 4039 ecclesiastico
827 3980 981 4039 constituti
990 3956 1130 4037 dicuntur
1141 3979 1272 4057 quicun-

159 4082 219 4145 qne
236 4086 278 4127 ex
292 4067 373 4125 clero
386 4077 467 4143 suut,
490 4068 524 4124 in
536 4066 687 4143 conciliis,
709 4066 785 4126 loois
799 4064 940 4125 indicatis
950 4067 984 4123 in
994 4065 1074 4123 notis
1089 4061 1129 4121 ad
1140 4063 1269 4122 Alexio-

159 4148 230 4211 dem
241 4172 275 4232 p.
291 4149 367 4216 420.
398 4153 589 4232 appellentur
602 4162 702 4211 autem
717 4148 847 4225 κανόνες
862 4144 1063 4230 λρεαθόμενοι
1077 4168 1131 4207 seu
1145 4150 1270 4229 regulae

159 4236 347 4309 rubricatae,
368 4234 451 4317 quod
472 4256 575 4297 eornm
597 4240 695 4318 capita
709 4256 744 4297 ec
759 4238 841 4295 tituli
853 4238 949 4295 minio
964 4245 998 4294 ut
1012 4235 1179 4315 plurimum
1192 4254 1270 4293 exe-

159 4334 310 4385 rerentor.
352 4320 434 4383 unde
452 4321 535 4404 epod
545 4326 669 4385 Latinos
684 4326 800 4406 passim
813 4320 937 4382 nebrico
951 4324 1080 4383 sumitur
1094 4341 1150 4402 pro
1162 4322 1269 4401 quevis
