3017 4817
299 343 372 415 100
762 337 930 408 PETthI

298 516 396 567 cetam
414 505 544 566 terrestri
559 505 680 584 itinere,
703 526 772 566 mm
784 511 923 590 pretioue
938 508 993 566 illa
1005 516 1038 566 ut
1052 505 1107 588 qui
1118 506 1201 586 prior
1212 504 1405 586 pervenisses

297 593 458 672 imperium
486 593 648 668 obtineret,
678 597 799 654 tametsi
824 593 1070 674 adstipulatorem
1090 590 1181 651 habet
1201 611 1271 650 cum
1291 589 1404 650 Theo-

298 675 398 760 phane
421 677 476 759 (p.
494 673 556 742 249
577 677 623 756 A)
644 681 811 756 Zouaram,
839 683 894 740 vix
914 688 1011 738 estut
1031 676 1162 738 credam.
1205 697 1299 758 quam
1317 681 1404 735 enim

298 762 424 823 ridicula
441 765 562 821 Nicetae
581 762 729 823 conditio!
753 768 802 824 cui
816 786 871 845 per
882 765 1054 845 squalentes
1070 783 1270 844 arenososque
1287 772 1402 822 tractus

297 849 414 909 infinito
434 847 651 928 pmpemodum
669 852 794 911 circuitu
809 849 940 932 petenda
954 851 1056 930 (ipolis
1069 849 1144 924 fuit;
1164 851 1225 907 nisi
1239 847 1323 907 hunc
1335 849 1403 906 for-

298 937 386 994 tassis
398 953 460 992 uon
472 935 504 992 in
520 933 622 994 Africa
636 946 701 996 tum
714 937 824 1010 fuisse,
844 936 898 997 sed
915 933 1100 996 Alexandria
1120 936 1290 1014 profectum
1310 931 1401 992 dixe-

297 1021 350 1080 ris.
393 1039 497 1078 versun
519 1039 558 1078 ue
582 1022 625 1081 sic
648 1020 774 1102 quidem
790 1025 856 1081 sine
876 1021 1004 1080 naribus
1026 1021 1133 1079 urbem
1151 1019 1234 1078 adire
1256 1021 1399 1098 potuerit.

297 1102 383 1164 addit
404 1102 609 1182 Theophanes
633 1107 753 1166 Octobri
772 1126 876 1166 mense
896 1107 1022 1166 solvisse
1042 1105 1215 1165 Heraclium
1231 1123 1272 1164 ex
1284 1104 1398 1176 Africa,

296 1207 386 1264 anno,
408 1200 442 1247 ut
450 1199 546 1268 putat,
569 1190 606 1248 ab
621 1189 691 1248 orbe
703 1187 823 1248 condito
837 1192 931 1266 6102,
954 1189 1064 1249 Christi
1074 1211 1144 1250 vero
1157 1192 1230 1264 602,
1250 1189 1354 1248 Octob.
1366 1187 1400 1262 4,

295 1275 372 1334 feria
388 1277 425 1348 2,
446 1271 553 1334 indict.
569 1277 620 1342 14.
661 1293 769 1334 tantm
780 1295 843 1337 nun
857 1271 989 1338 amuda
1001 1277 1095 1350 feria,
1118 1273 1174 1334 sed
1184 1277 1283 1355 prima
1296 1277 1399 1354 potius

295 1359 389 1418 fuerit
411 1359 545 1418 Octobris
564 1369 686 1440 quarto,
709 1361 793 1440 cyclo
812 1359 885 1418 solis
897 1363 933 1434 3,
953 1360 1040 1418 litera
1054 1358 1135 1418 dom.
1146 1362 1185 1420 Ι).
1231 1357 1400 1418 emendan-

297 1441 354 1504 dus
373 1446 465 1522 igitur
486 1463 526 1503 ex
543 1443 750 1504 Alexandrino
767 1442 930 1520 Chronico,
953 1442 1034 1526 quod
1050 1465 1146 1524 nuper
1160 1448 1198 1503 lt.
1212 1447 1248 1505 Ρ.
1260 1443 1399 1502 liederus

205 1533 229 1588 Ρ
246 1529 282 1588 6⁹
297 1540 400 1590 noster
420 1525 525 1590 edidit.
569 1533 654 1588 cuius
672 1528 748 1592 haec
766 1530 858 1588 verba
873 1541 960 1590 sunt:
982 1525 1079 1614 τούτῳ
1092 1533 1137 1613 τῷ
1153 1529 1212 1591 ἔτει
1231 1528 1271 1608 (8
1282 1531 1400 1588 scilicet

294 1613 433 1694 Phocus)
458 1611 695 1698 ὖπερβερνταίῳ,
723 1611 800 1678 seed
817 1613 978 1694 Ῥωμαίννς
994 1609 1168 1698 Ὀντωβρίῳ
1187 1609 1224 1696 γ’,
1247 1613 1402 1676 letani-

295 1723 350 1775 νος
368 1696 416 1774 sd',
437 1697 536 1784 ἡμέρᾳ
553 1693 586 1774 ἴ,
608 1693 833 1778 αίναφαίνονναι
853 1705 944 1764 πλοῖα
962 1697 1054 1764 uwel
1066 1695 1142 1762 sord
1157 1696 1191 1762 sd
1205 1692 1401 1782 Espoypdlos

294 1783 472 1863 metusne,
501 1785 534 1850 tv
558 1777 605 1858 οἷς
626 1775 667 1863 ἦν
688 1783 740 1846 καί
760 1777 932 1864 Ἡρᾶνλεως
959 1783 978 1848 d
1001 1781 1067 1858 uide
1088 1783 1271 1862 Ἡρακλείου.
1326 1803 1399 1861 ergo

296 1869 430 1932 Octobris
447 1873 484 1944 3,
507 1869 581 1928 feria
603 1873 624 1933 7
644 1870 776 1930 Herachi
796 1871 899 1930 classis
920 1871 1036 1950 appulit
1054 1867 1095 1928 ad
1108 1869 1262 1929 castellam
1276 1871 1398 1926 Rotun-

295 1953 379 2014 dum.
434 1965 465 2012 ut
484 1951 688 2034 Theophanes
710 1960 801 2017 πλοῖα
820 1950 1040 2034 κασννλίόμενα
1058 1966 1159 2030 rocus,
1190 1952 1248 2012 hoc
1270 1964 1331 2028 est,
1360 1963 1399 2012 ut

294 2041 406 2099 Paulus
429 2041 579 2098 Diaccuus
604 2039 624 2096 l.
642 2041 681 2104 18
704 2038 851 2116 reddidit,
873 2039 1046 2099 castellatos
1066 2043 1130 2099 sire
1152 2039 1272 2098 detritas
1287 2058 1395 2097 mres.

294 2121 420 2206 proinde
439 2124 574 2184 Octobris
591 2135 696 2204 quarto
710 2127 769 2186 fuit
781 2127 856 2184 ieris
871 2129 980 2205 prims.

378 2229 409 2288 p.
424 2203 445 2270 4
460 2229 489 2268 r.
504 2209 534 2274 5.
577 2205 700 2290 dudonis
713 2206 944 2291 πληρώσαντες]
961 2211 1037 2270 terte
1050 2213 1144 2272 elsio
1156 2228 1210 2287 pro
1222 2208 1305 2269 πλοῖ.
1325 2227 1397 2265 uam

293 2297 452 2375 πληρῶσαι
466 2295 608 2374 aliquem,
630 2314 685 2375 pro
700 2315 736 2355 eo
752 2293 834 2378 quod
846 2307 892 2357 est
906 2299 1052 2358 iustruere
1065 2296 1171 2376 copiis,
1191 2293 1326 2352 insoleus
1342 2304 1395 2369 est,

294 2381 354 2439 nisi
369 2381 554 2438 accusativus
567 2379 772 2440 subaudiatur.

377 2461 418 2520 ib·
434 2482 463 2521 v·
476 2467 508 2528 9·
551 2459 708 2544 εὐπλοίας]
732 2463 814 2546 quod
828 2463 868 2523 ad
880 2465 1018 2524 Nicetam
1029 2472 1160 2543 spectat,
1183 2457 1256 2521 side
1267 2481 1341 2519 num
1356 2457 1394 2520 de

294 2567 331 2606 so
347 2545 520 2626 accipienda
531 2551 593 2608 siut
607 2546 667 2608 dno
680 2551 734 2609 illa
749 2548 878 2612 disticha
890 2569 968 2632 quae
981 2559 1052 2611 snut
1065 2545 1193 2608 Anthol.
1207 2545 1265 2610 l.4
1279 2566 1305 2604 c.
1319 2548 1350 2610 1.

377 2630 419 2690 ib.
444 2651 474 2690 r·
497 2633 547 2696 10.
592 2635 729 2714 Κρίσπος
748 2635 798 2715 δέ]
821 2634 894 2696 hnic
914 2636 1109 2694 Domentiam
1131 2631 1227 2691 filiam
1248 2643 1394 2710 tyrannus

294 2735 422 2776 texerem
449 2715 588 2794 dederat,
619 2737 710 2799 quem
728 2724 890 2800 patricium
909 2721 1099 2780 et‘comitam
1121 2720 1330 2778 excubitorum
1350 2719 1394 2774 ait

293 2803 387 2862 diuisae
407 2799 620 2882 Theophanes.
663 2804 702 2864 de
719 2807 920 2886 appellatione
934 2807 1003 2885 ipsa
1016 2825 1087 2865 cum
1098 2803 1227 2862 mirifice
1238 2805 1394 2880 scriptores
1476 2804 1478 2863 5

294 2885 463 2964 discrepent
498 2887 655 2968 (Priscum
676 2893 759 2950 enim
780 2888 1000 2970 Theophanes,
1029 2893 1180 2962 Zorsaras,
1208 2885 1394 2966 Phosphorus
1474 2890 1476 2961 ,l

293 2973 417 3032 uetitxu
436 2974 548 3054 aliique
565 2975 760 3054 nominant),
782 2995 838 3054 ego
854 2977 993 3057 Crispum
1009 2994 1081 3034 cum
1093 2985 1195 3034 nostro
1207 2993 1244 3032 ac
1258 2972 1394 3031 cedreno
1473 2992 1474 3013 ί

292 3068 323 3116 et
348 3059 477 3136 Georgia
504 3059 645 3136 Syncello
675 3058 897 3120 rescribendum
917 3072 1002 3140 puto.
1044 3062 1077 3118 in
1099 3056 1222 3118 Anthol.
1240 3059 1263 3116 1.
1283 3055 1306 3118 4
1325 3061 1395 3135 epi·
1472 3040 1473 3065 ί

293 3161 428 3220 gramma
446 3141 598 3224 quoddam
618 3156 717 3204 exstat
735 3147 779 3220 είς
794 3141 898 3208 είαόνα
910 3147 1068 3226 Κρίσπον,
1094 3163 1153 3224 quo
1170 3146 1269 3221 ipsum
1287 3160 1307 3198 a
1323 3162 1394 3199 ma-

293 3227 464 3306 gnificentia
494 3227 663 3306 praedicat,
703 3241 733 3290 et
760 3231 947 3311 amplissima
975 3248 1114 3311 quaeque
1142 3227 1178 3286 ab
1207 3229 1392 3306 imperatore

291 3321 390 3369 roret.

375 3393 417 3452 e'b.
462 3391 591 3474 ὁπηνίκα
608 3394 659 3478 di]
683 3395 720 3456 de
740 3402 888 3459 sententia
909 3398 1129 3480 propemodum
1144 3405 1278 3456 comtat:
1300 3397 1390 3455 verba

291 3481 356 3562 ipsa
368 3477 539 3559 depravata.
581 3479 651 3540 vide
665 3501 703 3540 aa
715 3503 823 3542 versam
837 3488 877 3544 sit
888 3481 923 3548 sd
934 3486 1043 3563 τηνίκα
1057 3482 1099 3546 δέ.

375 3563 416 3622 ὥ.
433 3585 462 3623 v.
480 3567 530 3627 12.
575 3563 618 3641 νίς
631 3564 671 3646 dri
686 3566 952 3711 ααρνβριαμίναςὲ
969 3571 1094 3648 contigit
1107 3564 1168 3626 hoc
1182 3585 1212 3625 a.
1225 3563 1345 3625 Phocae
1360 3565 1387 3636 5,

291 3647 402 3710 Christi
414 3653 486 3714 607.
529 3647 598 3709 sida
615 3653 765 3711 murram
777 3664 808 3713 et
820 3651 929 3730 Theop
952 3671 1053 3712 auem.

374 3733 415 3793 ib.
433 3753 463 3793 r.
480 3733 529 3798 14.
571 3735 604 3798 ol
618 3739 681 3798 sois
697 3731 867 3801 desedisse
877 3735 1058 3818 χρημάτων]
1080 3737 1222 3794 Pessinos
1237 3735 1386 3812 intelligit,

290 3819 344 3899 qni
359 3816 479 3879 Phocae
495 3820 581 3880 initio
600 3821 736 3882 faverant
749 3822 831 3882 etad
844 3821 1040 3883 obtinendum
1058 3823 1221 3900 imperium
1239 3817 1384 3878 adiutores

288 3903 424 3963 merant:
446 3901 501 3964 sed
520 3916 623 3983 postea
638 3909 852 3968 contumeliose
866 3911 899 3967 iu
914 3928 984 3968 eum
996 3908 1094 3966 multa
1105 3906 1242 3964 feceruut
1257 3916 1289 3964 et
1300 3904 1383 3964 dixe-

288 3999 374 4064 runt,
394 3990 427 4047 iu
449 4007 559 4069 eosque
582 3992 715 4050 vicissim
736 4004 881 4073 tyrenum
906 3995 989 4052 omni
1008 3993 1133 4051 saevitia
1151 3988 1315 4050 bacchatus
1333 3999 1380 4048 est.

287 4075 390 4132 scribit
410 4071 615 4153 Theophanes
631 4095 659 4134 a.
674 4074 786 4138 Christi
797 4082 859 4143 609
873 4079 1063 4140 circensibus
1077 4075 1159 4136 ludis
1175 4073 1253 4135 haec
1271 4079 1303 4134 ia
1319 4094 1381 4133 euru

285 4158 411 4217 iactasse
429 4161 586 4235 Proteos,
608 4153 702 4224 redies
722 4163 767 4240 είς
787 4160 839 4226 ’τὸν
862 4169 978 4226 sessor
1000 4162 1096 4238 ἔπιες,
1117 4155 1213 4224 πάλιν
1233 4156 1289 4223 eds
1310 4165 1381 4222 soris

286 4235 449 4314 αἷπνίίακας.
491 4241 549 4301 hoc
563 4255 618 4320 est,
635 4257 671 4306 ut
682 4249 891 4327 interpretatur
904 4251 1064 4320 Diaconos,
1086 4249 1196 4304 imaro
1205 4248 1239 4303 irs
1246 4244 1381 4325 gabatha

286 4321 399 4394 bibisti,
425 4329 534 4385 iterum
554 4349 674 4390 sensum
692 4334 861 4410 perdidisti.
909 4335 1017 4414 quihus
1038 4335 1178 4390 incensus
1199 4331 1253 4420 ille
1274 4331 1379 4390 mures
