3017 4817
234 286 286 362 76
670 284 733 357 DU
757 284 901 357 GANGll

322 456 372 521 19.
413 456 498 528 uase
520 472 610 535 porro
634 452 675 514 sd
695 457 841 515 orientem
862 462 982 515 exstant
1002 450 1174 537 pyramides
1195 452 1236 515 sd
1253 412 1340 517 aedis

233 540 361 620 angulos
377 544 551 614 exteriores,
574 542 717 601 excitavit
732 540 921 601 Andronicus
934 542 1133 620 Palaeolosus
1144 544 1253 616 senior
1276 562 1339 623 quo

233 639 334 707 partes
346 628 452 705 templi
466 626 643 685 orientalem
657 638 687 686 et
701 630 965 709 septentrionalem
977 630 1095 685 ruinam
1109 646 1143 685 ao
1159 644 1262 686 nasum
1276 630 1339 686 mi-

231 715 363 771 nitantes
377 712 508 770 fulciret.
550 710 584 770 id
596 713 732 791 pluribus
749 724 852 772 narrat
865 711 1050 817 Nicephorus
1063 715 1210 791 Gregoras
1224 715 1338 771 llistor.

232 799 287 857 lib.
302 804 341 863 7:
361 792 476 899 ἥκουσι
494 792 553 879 ydp
574 795 658 879 παριλ
680 803 741 903 ιριν
764 800 897 905 δοκλμων
921 793 1136 879 ολκοδόμοιν’
1110 822 1152 872 ως
1168 803 1213 882 τρι
1230 800 1340 904 μακροὶΙ

232 877 354 989 χρόνῳ
353 875 485 961 καμόντα
504 884 658 962 σννλζησιν
675 906 713 946 να
705 878 849 948 δόο’
806 908 900 993 puros
888 878 1129 947 ἐπεπόνθεσαν
1145 862 1250 965 μλρηξ
1256 880 1291 947 τό
1305 906 1339 947 ιι

233 963 312 1049 πρός
331 991 462 1073 αρκτοας
475 965 557 1048 ὅροιν
572 967 624 1031 καλ
640 968 683 1031 irs
696 965 821 1051 πρός
783 993 838 1044 νας
854 964 1002 1042 όνσπολός
1012 968 1233 1075 τετραμμένον
1256 994 1276 1031 α
1261 964 1338 1051 iri

232 1057 349 1117 πιιισιν
362 1047 521 1116 όπιιλσδσι
518 1060 669 1159 παχεῖαν,
693 1056 721 1117 ελ
733 1079 775 1134 μη
770 1050 1020 1135 σννεπιλόβοιτό
1033 1074 1094 1130 τις·
1115 1050 1190 1117 ‘teu
1201 1052 1339 1133 χιλιόδας

232 1134 427 1218 νομισμάτων
441 1133 500 1201 oris
512 1132 613 1221 όλλγας
628 1146 692 1213 τοῖς
706 1137 877 1219 οἰκοδόμοις
889 1138 907 1204 ό
921 1136 1062 1221 βασιλειλς
1078 1135 1215 1215 δεδααός
1229 1140 1262 1203 ἐκ
1273 1143 1340 1201 ισιν

231 1228 288 1303 τῆς
307 1223 469 1329 δεσπρλνης
482 1222 644 1307 χρημάτων
655 1221 710 1299 πός
723 1223 880 1333 όραμλνας
892 1222 1003 1299 ruitur
1018 1225 1051 1288 λιι
1066 1225 1191 1331 βαθέων
1206 1228 1268 1287 ιοιν
1280 1232 1341 1287 θε-

231 1246 389 1390 pelius’
369 1302 510 1391 ανιὶγιιρι
532 1312 726 1392 πυραμίδας,
751 1306 797 1374 δι’
817 1302 862 1375 όν
883 1307 1026 1394 suiuus
1044 1307 1099 1375 τόν
1116 1304 1341 1392 όπιιλοόμινσν

233 1394 337 1475 λσιησι
351 1396 507 1459 κίνδυνον.

317 1483 371 1543 20
412 1483 493 1539 Ante
519 1480 628 1560 templi
657 1478 805 1561 Sopblani
829 1481 1029 1555 restlbnlmn,
1059 1478 1248 1562 proindeque
1268 1490 1342 1540 ante

234 1562 435 1625 oroideutales
451 1567 598 1645 portiom,
622 1576 736 1645 prostat
751 1566 923 1649 quadratu'
914 1584 1020 1645 ingens
1037 1584 1121 1624 area:
1141 1568 1241 1645 plsoet
1257 1569 1341 1625 enim

233 1652 317 1710 illius
331 1648 562 1730 descriptionem
576 1648 637 1709 hoo
647 1654 715 1711 loeo
730 1656 868 1732 exsequi,
887 1655 1062 1733 priusquam
1074 1654 1248 1732 templum
1238 1670 1341 1731 ipsum

234 1737 411 1811 subeamus,
434 1754 504 1795 oum
526 1736 669 1795 vestibuli
691 1739 887 1816 praecipuum
912 1742 952 1796 sit
972 1748 1193 1796 ornamentum.
1236 1756 1341 1795 areum

234 1823 325 1880 istum
340 1842 396 1880 seu
411 1822 521 1878 atrium
536 1832 677 1901 quattuor
688 1822 854 1901 porticibus
867 1820 1087 1881 oiroumdatum
1102 1818 1199 1905 αόλῆς
1215 1825 1342 1882 nomine

234 1904 327 1966 donat
341 1907 530 1967 silentiarius
544 1916 620 1987 part.
636 1912 703 1971 ir.
722 1906 800 1972 174.

396 1988 534 2073 ιλτρασιν
547 1987 716 2091 αλθοόσρσι
728 1986 945 2096 περλδρομον”
928 2005 1019 2072 οψιαι
1031 1986 1139 2071 αδλήν,

399 2068 491 2138 alvi
456 2101 478 2155 μ
479 2077 511 2138 λα
527 2073 584 2156 μιν
594 2072 730 2156 νάρθηκι
743 2072 941 2153 ossismos,
964 2078 999 2139 ai
1008 2098 1042 2159 ys
1056 2074 1111 2157 μὲν
1126 2072 1215 2140 ἄλλαι

397 2160 586 2241 πεπινμλναι
598 2161 755 2223 τελέθουσι
769 2160 994 2240 πολνσκιδόεσσι
1006 2159 1175 2236 κιλεόθοις.

233 2247 288 2305 nbi
303 2245 524 2305 observandum
541 2248 721 2304 exteriorem
736 2246 878 2305 vestibuli
895 2249 1044 2325 porticum
1064 2245 1103 2303 ed
1122 2249 1190 2303 atrii
1208 2247 1343 2324 porticus

232 2334 432 2412 pertinuisse,
454 2335 481 2390 si
492 2350 553 2390 non
569 2342 599 2389 et
614 2333 703 2389 tertie
719 2330 794 2406 tuit,
818 2329 900 2413 quod
917 2334 978 2389 ianr
993 2334 1182 2389 monuimus:
1205 2332 1343 2411 alioquin

234 2421 345 2475 utrium
362 2414 551 2494 Sophisnum
562 2417 658 2474 tribus
673 2426 792 2474 tantum
806 2418 987 2474 constitisset
1001 2416 1173 2495 porticibus,
1195 2434 1257 2473 nou
1270 2436 1343 2475 vero

233 2512 391 2582 quattuor,
413 2497 601 2581 proindeque
613 2520 674 2559 non
688 2496 887 2579 ιετρόσιυλον
900 2501 1006 2559 fuisset
1020 2501 1070 2558 vel
1085 2500 1342 2581 quadriporticus,

234 2586 289 2645 sed
305 2589 489 2663 mportioue,
510 2589 555 2644 uti
568 2583 717 2643 eiusmodi
730 2589 805 2645 atria
821 2586 961 2644 dicuntur
973 2589 1131 2645 Anastasio
1144 2588 1221 2645 ins.
1236 2588 1343 2645 Hilaro

232 2673 303 2730 PP:
327 2670 530 2749 nymphaeum
550 2682 580 2727 et
596 2673 784 2747 triporticum
805 2683 875 2730 cusis
895 2674 1059 2729 oratorium
1082 2673 1115 2731 S.
1143 2674 1260 2739 crocu,
1283 2682 1341 2731 eto.

234 2757 383 2815 Eusebius
406 2754 445 2813 de
465 2758 527 2814 rita
548 2757 769 2822 θοιιιιιιιιιιιιδ
794 2756 834 2822 84
857 2756 894 2814 de
911 2760 986 2815 atrio
1001 2759 1107 2837 templi
1122 2759 1343 2836 Hierosolymi-

234 2844 320 2900 tani:
342 2848 469 2922 μακροῖς
484 2835 680 2923 περιδρόμοις
695 2846 795 2906 στοαιν
810 2842 844 2906 λκ
858 2836 1271 2927 ιριπλεόροαπιριιχόμενον.
1311 2852 1343 2902 et

173 2962 178 2970 ·
234 2926 378 2989 Sidonius
391 2930 479 3007 epist.
495 2930 516 2991 2
535 2929 594 2992 10:

399 3012 473 3071 ituio
488 3022 531 3070 esi
543 3014 681 3091 porticus
694 3011 852 3091 applicata
867 3012 989 3090 triplex,

391 3098 558 3179 fulmentis
571 3096 769 3178 Aquitanicis
782 3096 926 3175 superba,

400 3183 446 3241 ad
458 3185 544 3242 ouius
562 3187 710 3263 specinserr
725 3186 883 3242 remotiora

400 3268 550 3327 claudunt
566 3271 648 3327 atria
661 3272 797 3348 portr'crss
812 3266 970 3327 secundae.

236 3348 344 3413 eedem
357 3371 445 3431 porro
459 3348 556 3434 αόλῆς
569 3356 770 3435 appellatione
786 3352 935 3413 donentur
946 3348 1094 3411 eiusmodi
1107 3371 1194 3411 areas
1209 3371 1262 3412 seu
1278 3352 1341 3411 im-

173 3466 178 3482 ›
235 3440 341 3519 pluvis
362 3449 431 3498 ante
452 3438 542 3498 sedes
564 3460 661 3500 saoras
684 3460 702 3497 s
724 3442 871 3519 Prooopio
888 3436 926 3496 de
943 3437 1045 3497 sedit.
1067 3444 1082 3501 1
1105 3444 1127 3504 ‘i
1149 3450 1180 3497 et
1201 3442 1238 3513 8,
1264 3438 1284 3501 5
1307 3442 1342 3500 6.

234 3524 345 3605 αλθρια
365 3522 506 3583 dicuntur
525 3524 713 3633 Ειιιολιιορδι
730 3528 792 3584 vita
807 3526 959 3583 Constant.
976 3528 995 3589 8
1019 3520 1060 3586 84
1082 3534 1111 3581 et
1133 3526 1192 3598 38,
1213 3534 1243 3580 et
1261 3524 1343 3581 Hist.

235 3612 277 3673 10
295 3610 333 3685 4
309 3611 428 3717 ,quia
449 3607 547 3685 ελς
500 3634 570 3715 ιην
588 3616 645 3674 τοῦ
663 3605 801 3718 ον’ρανοῦ
823 3604 957 3689 κόισψιν
977 3606 1112 3689 λαμπρόν
1129 3608 1182 3671 καλ
1201 3615 1266 3682 ταῖς
1285 3612 1344 3671 τοῦ

234 3691 338 3772 φωτός
355 3716 472 3759 ακιισιν
489 3690 648 3777 όνειμλνον
666 3690 742 3776 όέρα
759 3696 921 3776 praebent,
943 3704 978 3754 ut
994 3693 1077 3754 idem
1096 3697 1222 3775 scriptor
1239 3696 1343 3777 loqui-

234 3790 294 3843 tur.
336 3784 483 3863 impluvia
498 3784 642 3843 Paulinus
657 3786 725 3843 Nat.
741 3783 783 3845 10
797 3803 832 3840 ea
848 3784 923 3840 stria
941 3782 1090 3861 appellat.

400 3870 470 3927 ιζιιλι
479 3866 646 3947 porticibus
660 3868 721 3927 luis
737 3868 926 3926 circumdata
943 3865 1043 3945 longis

401 3953 549 4014 vestibula
563 3954 708 4032 impluvio
723 3956 806 4012 tectis
821 3962 991 4011 reseruntur
1004 3962 1120 4029 aperto,

401 4052 430 4098 et
441 4039 537 4099 simui
548 4051 632 4098 astru
647 4040 756 4109 οιαλιὲι,
778 4036 961 4119 ingressibus
975 4039 1058 4093 atriu
1071 4034 1225 4114 panditur.

237 4120 361 4178 semitae
375 4141 445 4185 vero
458 4128 533 4185 istae
546 4126 745 4204 multiplices,
769 4122 806 4181 de
820 4124 937 4224 quibus
941 4122 1146 4195 silentiarius,
1168 4122 1261 4200 portis
1277 4121 1343 4177 ele-

238 4205 378 4284 gantibus
390 4209 614 4285 olaudebantnr,
636 4228 731 4312 quas
727 4201 773 4270 si
775 4231 829 4291 ρας
842 4200 1012 4288 μισαόλοας
1026 4218 1113 4266 vooet
1126 4224 1188 4263 non
1202 4226 1263 4265 uno
1276 4207 1344 4264 loeo

237 4288 321 4349 idem
338 4292 520 4375 Procopius,
543 4256 669 4373 αόλλονς
685 4232 792 4371 πόλις
805 4294 953 4355 Eusebius
975 4290 1014 4353 de
1033 4294 1095 4355 vita
1118 4292 1220 4351 Const.
1241 4292 1263 4355 3
1290 4294 1344 4356 33.
