3017 4817
235 280 312 392 lib
676 279 888 366 (tmolus

231 449 335 523 sticus,
354 444 603 528 Theophylactus
617 447 792 527 simocatta,
815 433 942 532 aliique,
964 469 1094 532 quorum
1110 469 1203 530 opera
1219 464 1274 510 ant
1288 455 1340 511 in-

230 545 316 616 tegra
332 545 384 592 aut
396 535 534 592 mutilata
548 537 736 613 reperiuntur
752 537 1014 616 incorporaliter.
1031 537 1233 616 Byzantinus.

315 617 368 685 49.
412 620 547 678 Abamm
562 623 678 698 origiue
701 631 731 680 et
746 623 899 681 bellorum
919 640 1007 680 causa
1024 623 1104 680 inter
1119 623 1282 699 barbaros,
1308 637 1339 684 et

230 707 381 764 Romanos
397 704 546 780 indicata,
583 723 663 786 quaa
681 709 762 766 mala
782 708 896 767 liberes
915 709 975 786 ipsi
996 709 1134 766 Heraclio
1156 709 1251 788 imp,
1284 713 1337 791 qui
1365 715 1372 730 ¹

231 787 351 850 Phocoe
366 794 519 865 successit,
542 795 791 872 comparaverint,
816 811 953 852 enarrare
970 791 1155 872 aggreditur.
1278 810 1283 818 ·

316 875 370 940 50.
413 875 547 935 Phocum
565 881 747 960 quocunque
769 879 969 937 contumeliae
987 888 1017 936 et
1032 878 1212 958 probrorum
1226 885 1338 957 genere

233 959 374 1020 effectum
384 963 500 1042 passim
511 963 648 1025 invenies
658 967 691 1023 in
705 963 898 1044 scriptoribus
912 966 1098 1044 Byzantinis.
1129 962 1337 1044 Theophanes

227 1069 265 1125 p·
283 1045 347 1112 242
363 1045 402 1106 da
412 1049 478 1106 eius
491 1048 638 1108 clemona
651 1053 695 1109 sio
711 1053 770 1108 ait:
796 1043 1011 1132 ἀναγορεύεται
1027 1043 1063 1111 sd
1078 1044 1186 1122 rasin,
1208 1049 1261 1112 sul
1275 1044 1335 1111 sv'-

233 1154 299 1213 ριος
312 1137 373 1194 τοῖν
384 1127 546 1214 σκήπτρων
560 1131 581 1197 d
595 1129 746 1218 ον’ροιννος
759 1136 991 1216 amicalium,
1018 1133 1071 1196 acl
1085 1139 1192 1214 κρανεῖ
1208 1139 1264 1212 τῆς
1282 1131 1345 1197 rd-v

232 1218 392 1298 δαιμονίας
407 1216 431 1325 a]
445 1213 607 1299 συμφορά,
634 1221 686 1283 sul
701 1214 849 1302 λαμβάνει
869 1215 927 1300 τήν
947 1219 1067 1302 ἔναρξιν
1090 1216 1126 1282 td
1143 1215 1337 1300 perdicaria

231 1301 390 1382 ‘Pap-tm
404 1298 587 1384 νινχήμντν.
628 1303 702 1364 hinc
714 1304 819 1366 Pisida
837 1324 909 1385 enm
922 1303 1043 1386 Hydrae
1057 1315 1222 1384 comparat.
1262 1303 1333 1364 ride

232 1388 413 1448 Hcracllud.
429 1389 561 1448 Acroce.
575 1393 597 1454 2
611 1390 632 1454 6
648 1401 677 1449 at
689 1411 772 1472 aaqq.

317 1473 371 1539 54.
414 1475 491 1534 alios
504 1485 575 1554 post
589 1476 666 1536 ahos
680 1475 770 1552 dicit,
791 1485 826 1535 ut
838 1485 932 1556 puto,
954 1495 1021 1535 esse
1036 1486 1195 1554 generator
1209 1475 1334 1550 liberes,

232 1569 267 1619 ut
279 1578 435 1641 nunquam
452 1559 596 1620 defecerit
611 1562 805 1621 barbarorum
818 1564 911 1638 uado,
933 1559 1033 1622 sedin
1046 1563 1252 1620 Romanorum
1265 1580 1336 1639 per·

231 1648 344 1704 niciem
357 1665 479 1726 semper
492 1649 669 1706 exoraverit.
711 1666 753 1707 ax
769 1644 872 1706 ichore
888 1658 991 1706 autem
1004 1666 1055 1706 eoa
1069 1656 1155 1706 natos
1169 1645 1251 1720 dicit,
1265 1655 1337 1704 tan-

232 1750 325 1813 quam
338 1741 372 1789 ut
383 1732 566 1790 vilissimum
577 1750 674 1810 geuns
690 1730 837 1791 traducat.
864 1728 938 1817 lzadp
953 1733 1037 1792 euim
1050 1732 1187 1814 quamvis
1202 1733 1337 1789 liumaro

234 1816 327 1876 lund.
345 1815 365 1880 5
380 1813 443 1880 840
456 1818 495 1874 sit
511 1821 650 1895 sanguis,
673 1811 739 1892 οἶός
754 1815 811 1899 πέρ
826 1839 859 1880 ra
871 1815 933 1898 (llas
946 1811 1128 1900 praedocetur
1141 1820 1279 1891 θιοῖσιν,
1303 1827 1337 1874 at

232 1898 360 1960 medicis
372 1908 419 1958 est
431 1897 557 1980 quidam
568 1905 694 1963 vitiosus
703 1901 824 1978 humor,
841 1913 871 1962 et
883 1913 917 1962 ut
926 1905 1092 1983 plurimum
1102 1919 1157 1981 pua
1169 1910 1199 1958 et
1213 1903 1332 1975 sauier;

233 1984 316 2067 quod
325 1995 409 2065 patet
419 2005 461 2045 ex
476 1986 590 2046 Galesi
602 1989 765 2048 Commeat.
779 1988 909 2047 mundo
921 1991 954 2047 irs
966 1987 1053 2054 lito
1067 1987 1202 2065 Epidau·
1212 2005 1246 2067 p·
1257 1983 1334 2061 424,

233 2075 288 2153 qui
308 2073 498 2150 Hippocratis
518 2093 589 2131 oum
606 2075 741 2134 Platonis
767 2077 915 2134 sententia
937 2077 1015 2133 circa
1038 2070 1149 2132 ichoris
1167 2073 1337 2148 malignam

234 2158 412 2238 qualitatem
434 2160 584 2218 conciliat.
611 2154 719 2240 ¹igitur
732 2158 835 2218 Pisida
854 2161 968 2220 Abares
990 2179 1035 2218 ex
1056 2160 1141 2218 sarria
1164 2168 1196 2216 et
1217 2155 1336 2215 tabifico

233 2242 366 2324 quodam
379 2241 507 2304 humore
519 2256 677 2323 generatos
689 2247 777 2321 facit,
809 2256 843 2304 ut
862 2243 937 2329 quid
954 2243 1099 2326 pestilens
1118 2253 1152 2302 et
1164 2240 1339 2302 morbidum

234 2349 286 2388 eos
298 2318 367 2388 esse*
379 2327 575 2390 demonstret.

317 2417 370 2478 57.
413 2416 516 2474 nullus
536 2435 579 2475 ex
598 2414 791 2494 scriptoribus
812 2415 986 2493 Byzantinis
1010 2411 1146 2494 pandidit
1172 2415 1336 2472 memoriae

233 2498 408 2557 Heraclium
422 2503 542 2578 saepius
556 2511 657 2558 contra
670 2499 784 2558 Abares
795 2517 963 2578 pugnasse:
986 2519 1092 2559 omnes
1111 2501 1195 2557 enim
1205 2499 1251 2557 bis
1265 2509 1334 2556 tan-

232 2593 299 2641 tum
322 2603 359 2642 eo
380 2588 548 2663 imperante
571 2585 713 2643 barbaros
740 2584 848 2642 urbem
869 2585 989 2664 cpolim
1010 2583 1154 2643 invadere
1179 2601 1333 2664 aggressos

233 2688 301 2727 ease
319 2667 527 2744 tradiderunt3
557 2668 596 2727 da
617 2689 678 2750 quo
693 2672 814 2748 gemino
831 2669 911 2728 ballo
926 2673 989 2748 agit
1002 2673 1095 2728 etium
1107 2667 1213 2728 Pisida
1228 2673 1260 2727 in
1277 2665 1334 2726 hoc

233 2760 383 2832 poemate.
425 2775 532 2814 rermu
551 2758 616 2813 iam
637 2765 725 2813 antea
740 2756 916 2814 Heraclium
934 2756 1089 2814 saultotiea
1112 2774 1183 2814 curn
1202 2755 1335 2813 barbaris

235 2837 395 2900 hmimssc
409 2859 522 2922 eosque
536 2840 662 2920 fregisse
675 2859 731 2900 nos
743 2838 796 2898 hic
809 2839 950 2900 admonet
960 2839 1074 2900 Pisida.

321 2929 374 2993 62
416 2946 567 2987 smumam
579 2945 680 2986 rerum
692 2927 908 3002 conluuionem,
929 2929 961 2984 in
977 2945 1038 3007 qua
1050 2935 1123 2984 uano
1135 2935 1200 2983 erat
1212 2945 1261 2984 res
1272 2927 1336 2983 Ro-

234 3021 341 3089 mana,
372 3013 503 3073 breviter
519 3011 669 3072 describit.
712 3009 785 3070 hinc
800 3013 881 3070 esaim
893 3012 1028 3086 barbari,
1052 3009 1127 3070 inde
1142 3013 1250 3076 Persae
1269 3011 1336 3067 cla-

235 3096 307 3156 dena
322 3109 352 3156 et
369 3101 498 3157 exitium
513 3101 658 3158 Romanis
669 3097 873 3156 minabantur.
915 3107 979 3157 tota
992 3107 1095 3156 autam
1108 3099 1208 3154 ciritae
1222 3095 1336 3152 factio-

234 3202 310 3240 num
321 3181 428 3242 nudiis
442 3181 557 3258 divisa,
589 3201 667 3264 quae
686 3183 835 3242 scelerum
855 3193 1007 3242 auctorem
1023 3192 1053 3240 et
1069 3179 1177 3240 ducem
1187 3177 1340 3238 habuerat

235 3263 386 3342 Phocum,
415 3271 528 3327 mutuis
549 3265 692 3327 caedibus
713 3279 746 3326 et
764 3268 886 3348 flagitiis
905 3267 1040 3327 vacabat.
1085 3266 1118 3329 ol
1136 3262 1190 3344 niv
1205 3264 1342 3346 Πέρσαι,

236 3353 279 3410 ait
291 3349 495 3433 Theophanes
504 3373 541 3431 p.
556 3351 630 3429 248,
652 3353 709 3430 ἔξω
721 3357 777 3434 τῆς
790 3349 902 3428 πόλεως
914 3348 1103 3436 ἐτυράννουν
1112 3349 1301 3430 Ῥωμαίους,
1325 3349 1348 3416 d

236 3433 271 3499 dl
285 3439 396 3511 Φοκᾶς
412 3437 501 3500 ἔνδον
513 3432 552 3500 roi
564 3438 684 3518 χείρονα
697 3432 803 3512 αὐτοῖς
815 3437 911 3503 ἐποίει
926 3431 1070 3517 φονεύων
1090 3436 1144 3498 sul
1159 3437 1350 3516 alzpclurl-

236 3525 306 3596 ζον.
350 3533 381 3580 at
392 3521 495 3582 Pisida
510 3521 629 3601 ridetnp
640 3521 774 3583 indicare
793 3524 966 3604 Gpohtanos
988 3543 1058 3582 cum
1074 3522 1212 3580 barbaris
1230 3525 1351 3580 amici-

235 3609 297 3666 tiae
323 3608 374 3667 rel
402 3611 666 3688 consanguinitatis
693 3609 812 3690 legibus
837 3611 930 3670 finisse
953 3612 1127 3669 coniunctos
1152 3617 1244 3690 atque
1267 3627 1352 3687 per-

233 3697 357 3754 mixtos.

318 3783 372 3844 ot.
415 3778 454 3838 de
470 3779 651 3839 temonibus
669 3781 784 3841 Veneta
806 3792 837 3839 et
856 3781 995 3854 Prasino,
1027 3778 1066 3837 ad
1086 3795 1162 3858 quas
1183 3773 1236 3834 hic
1259 3789 1356 3838 certe

236 3862 343 3924 alludit
356 3871 455 3945 poeta,
472 3864 544 3922 alibi
554 3867 609 3923 erit
621 3870 815 3945 opportunior
827 3868 910 3926 locus
922 3863 1051 3924 dicendi.
1074 3861 1144 3922 ride
1150 3862 1352 3925 Hono-liud.

235 3949 364 4008 Acroce.
380 3954 402 4014 2
415 3947 460 4013 ’84
472 3960 503 4006 et
513 3969 596 4030 seqq.

319 4037 371 4098 63.
415 4053 485 4093 cum
499 4055 540 4094 ex
554 4035 742 4114 amplissimo
753 4055 808 4096 suo
822 4047 900 4096 statu
916 4033 1082 4096 concidisse
1098 4053 1133 4092 ac
1145 4041 1356 4098 totexternis

237 4127 267 4175 et
289 4119 438 4179 intestinis
460 4121 573 4180 morbis
599 4120 737 4180 laborare
762 4123 930 4181 itomanam
954 4141 1019 4180 rem
1043 4119 1198 4201 publicam
1218 4121 1361 4186 barbari

237 4205 455 4280 cognovissent,
471 4203 509 4263 de
526 4221 563 4264 es
575 4203 729 4285 perdenda
740 4210 918 4288 cogitarunt.

319 4288 370 4350 67·
414 4288 484 4347 vide
504 4311 599 4370 arepra
614 4313 646 4374 ν.
665 4295 715 4358 16.
