3017 4817
274 285 347 357 126
736 281 909 351 rutlvu

271 448 394 530 pasche,
417 450 502 528 cyclo
518 447 591 508 solis
603 447 739 508 nomme
755 452 814 522 22,
834 448 882 508 lit.
893 449 939 523 A3
970 457 1145 528 pentecoste
1156 467 1231 508 rerc
1247 447 1331 508 iunii
1345 448 1383 526 4,

272 539 362 614 longe
377 545 445 614 post
459 538 499 598 12
512 535 596 591 Maii.
640 532 694 592 sed
711 553 812 614 neque
832 545 902 592 ente
915 531 997 593 hunc
1012 555 1142 610 mum,
1161 545 1384 615 praeterquam

272 640 301 680 e.
320 621 397 696 642,
418 629 589 700 pentecoste
604 620 638 676 in
651 620 725 676 Maii
744 623 783 681 12
797 621 939 694 incurrit,
959 639 1061 701 neque
1073 630 1158 699 post,
1178 622 1242 679 nisi
1257 631 1383 678 tentum

271 727 301 765 s.
319 708 399 780 726,
431 715 466 762 ut
479 723 520 762 ex
536 701 637 762 Bedee
652 723 687 762 ec
700 705 839 783 Dionysii
855 705 947 784 cyclis
960 707 1127 784 intelliges.
1166 703 1299 785 proinde
1316 706 1382 764 tel-

271 811 340 850 eum
352 785 389 852 sd
403 787 545 870 γενέθλια
561 789 689 868 cpoleos
707 791 740 846 in
760 789 919 848 sabbatum
938 801 1008 849 ente
1021 801 1215 871 pentecosten
1230 789 1380 866 incidere,

272 887 307 936 ut
332 877 438 934 usserit
459 875 536 934 felsc
554 871 666 934 Sethus
682 875 848 934 Gelrisiuu
874 875 989 956 alioqui
1006 873 1118 956 pasche
1133 876 1177 940 24
1190 878 1296 934 Martii
1311 895 1380 934 esse

272 961 387 1036 debuit,
409 959 491 1043 quod
508 969 553 1019 eet
567 957 826 1020 absurdissimum.
849 959 932 1040 qnod
945 981 1015 1020 vero
1029 959 1255 1040 Theophanem
1266 971 1379 1020 testem

270 1049 423 1122 nominet,
449 1047 522 1104 setis
539 1043 620 1126 quod
634 1047 720 1104 initio
738 1044 853 1104 dictum
865 1057 910 1104 est
922 1045 1069 1122 ostendit,
1096 1067 1130 1106 se
1142 1049 1307 1106 oscitmter
1318 1045 1378 1104 ed-

271 1129 397 1192 mcdum
425 1132 458 1188 in
486 1131 681 1190 illustrissimi
704 1133 827 1194 Beronii
844 1131 1027 1204 Annalibus,
1059 1150 1138 1212 quae
1161 1129 1378 1210 chronologiae

272 1219 355 1276 illius
369 1218 456 1273 unice
470 1233 558 1293 seges
573 1225 628 1290 est,
651 1217 831 1294 scriptorum
843 1216 911 1274 locu
922 1236 1103 1294 percurrere.
1125 1217 1190 1275 illic
1207 1218 1290 1274 enim
1303 1217 1380 1274 seb-

272 1301 376 1360 betum
389 1301 482 1359 fuisse
499 1299 609 1358 dicitur
626 1303 710 1360 cuius
722 1299 866 1378 postridie
877 1311 1050 1380 pentecoste
1065 1301 1166 1374 fuerit,
1191 1299 1273 1382 quod
1282 1304 1381 1360 etiem

272 1389 406 1445 Zonaras
420 1404 454 1443 ec
469 1383 622 1444 cedrenus
638 1383 755 1444 docent.
799 1396 932 1444 ceterum
940 1384 1138 1465 Theophanis
1150 1388 1208 1444 iste
1222 1386 1305 1444 lccns
1315 1388 1379 1445 iis·

274 1469 344 1530 dem
359 1473 393 1528 iu
406 1470 574 1530 Annalibus
596 1489 637 1528 ex
649 1470 785 1530 Miscells
797 1471 975 1550 perobscnre
992 1470 1126 1530 redditus
1139 1481 1196 1529 est.
1238 1473 1378 1548 uimque

274 1555 434 1628 mulien,
453 1557 562 1636 inquit,
585 1575 654 1614 cum
667 1557 794 1614 Prasr‘m'
805 1558 954 1614 ceuceu.
998 1577 1056 1615 nec
1067 1559 1168 1615 minus
1181 1557 1295 1614 Graece
1306 1559 1376 1634 ipse

275 1642 432 1722 perplexe.
457 1659 584 1721 quorum
598 1651 699 1698 tumen
714 1659 820 1700 sensns
833 1651 878 1700 est
891 1643 919 1700 is
930 1660 1023 1722 quem
1038 1661 1080 1700 ex
1092 1639 1259 1721 fficephcrc
1270 1651 1376 1700 nostro

276 1728 462 1805 colligimus,
486 1727 581 1784 netuli
592 1726 675 1786 urbis
690 1735 828 1807 equestre
844 1737 996 1786 certamen
1009 1747 1076 1786 esse
1089 1731 1291 1786 commissum.
1318 1723 1378 1784 sed

274 1823 367 1894 quoto
383 1810 506 1870 demum
522 1829 600 1869 enno
618 1808 687 1868 dete
701 1811 756 1869 illo
768 1813 909 1871 natalicio
922 1811 1014 1872 smttl
1035 1815 1063 1872 si
1077 1813 1160 1872 urbis
1169 1833 1202 1870 re
1216 1830 1287 1869 rere
1301 1811 1378 1869 fne-

274 1907 353 1972 runt,
380 1895 416 1954 de
432 1905 603 1974 pentecoste
616 1895 738 1954 fulsum.
781 1895 853 1955 ride
867 1899 961 1976 igitur
975 1917 1015 1956 en
1028 1895 1188 1977 Philippici
1202 1897 1295 1975 ipsius
1309 1915 1376 1953 nu-

274 1983 344 2040 telis
357 1978 422 2040 dies
435 1981 542 2054 fuerit,
570 1982 623 2060 qui
640 1999 709 2040 cum
721 1982 838 2062 aliquot
851 1979 957 2042 diebus
972 1993 1041 2063 post
1053 1984 1184 2041 netelem
1195 1981 1275 2040 urbis
1288 1982 1376 2037 inci-

275 2065 383 2142 disset,
405 2067 485 2124 iunii
498 2063 640 2124 videlicet
651 2067 688 2144 3,
710 2067 799 2126 umbo
812 2067 860 2126 illi
874 2066 938 2129 dies
954 2070 988 2127 in
1002 2087 1099 2127 unum
1111 2068 1149 2128 eb
1162 2065 1310 2127 historicis
1321 2076 1375 2124 te·

273 2169 362 2238 merc0
372 2152 492 2210 conflati
508 2161 589 2211 sunt.

357 2283 556 2366 p.55v.15.
579 2281 720 2368 δεύτερον
739 2283 819 2362 ἔτος]
839 2286 952 2348 Penios
973 2289 1125 2350 Disccnm
1146 2305 1260 2346 annum
1277 2303 1375 2344 unum

273 2379 304 2430 et
324 2375 345 2436 6
365 2391 483 2430 menses
503 2369 674 2476 Philippico
697 2373 811 2432 tribuit.
854 2373 965 2454 reliqui
982 2373 1058 2434 duos
1070 2393 1178 2434 enncs.
1219 2375 1373 2430 Menesses

272 2454 373 2520 4108:
407 2455 477 2520 dccl
500 2453 558 2538 yslo
580 2480 684 2538 μονοις
705 2457 799 2522 ἔτεσιν
820 2455 962 2540 lyedocso
981 2464 1038 2522 roc·
1059 2458 1198 2538 στέφανς.
1240 2460 1372 2516 zonam

271 2552 390 2618 praeter
402 2560 496 2600 annos
512 2540 587 2601 duos
600 2544 716 2622 eliquot
729 2563 850 2602 menses
861 2541 957 2604 eddit.
976 2543 1182 2624 Theophanes
1193 2545 1264 2619 ιλ,
1281 2560 1371 2601 men·

272 2643 320 2684 ses
335 2628 367 2688 9.
411 2624 579 2686 Chronicon
593 2628 699 2686 Cleric.
714 2647 742 2687 e.
755 2628 893 2705 totidem,
913 2649 957 2688 m.
971 2632 1003 2693 8.

359 2741 401 2802 ib·
419 2764 449 2804 v·
464 2747 514 2809 18.
556 2739 709 2828 Ἀρτὲμισν
725 2747 931 2830 dummoc]
948 2748 1160 2808 Constantinus
1173 2747 1269 2812 4113·

359 2882 390 2943 P·
406 2861 447 2928 56
462 2883 490 2922 v.
507 2863 557 2929 15.
579 2863 629 2928 tel
641 2862 696 2929 cdv
713 2867 843 2929 Φοίνικα
857 2865 1109 2948 ναυπηγησίμσις]
1132 2865 1310 2946 depravatus
1323 2861 1376 2921 hic

274 2948 374 3022 locus,
398 2948 479 3028 quod
493 2951 734 3029 interpretatione
748 2954 814 3031 ipsa
827 2955 996 3031 exprimere
1009 2949 1188 3011 studuimus.
1211 2970 1280 3010 rere
1290 2951 1375 3007 enim

275 3031 364 3093 lect10
381 3037 548 3112 genitivum
561 3036 732 3114 postulabat
746 3037 994 3118 ναυπηγησίμων.
1037 3035 1174 3108 barbari,
1193 3036 1305 3116 inquit,
1326 3033 1377 3090 ad

275 3117 458 3176 caedendam
471 3123 628 3178 matert'um
637 3121 780 3201 profecti.
825 3141 918 3202 quem
935 3123 1095 3180 lectionem
1114 3119 1222 3180 indicet
1234 3121 1371 3177 Zonaras

273 3203 307 3259 in
320 3207 493 3264 Anastasio:
520 3205 631 3286 pulicis
651 3203 684 3269 dl
705 3203 752 3270 ὅτι
773 3206 805 3283 ἒξ
816 3200 1039 3290 Ἀλεξανδρείας
1050 3205 1102 3271 ἐπὶ
1117 3207 1262 3284 Φοινίκην
1276 3207 1373 3265 πλοῖα

273 3283 504 3368 προσαίρμισαν,
535 3291 588 3354 ἵνα
609 3285 684 3366 ξύλα
708 3291 827 3355 ἐκεῖθεν
849 3294 1032 3372 κομίσωνται
1053 3285 1275 3374 ναυπηγήσιμα.
1317 3289 1374 3347 ubi

184 3385 208 3442 p
225 3386 259 3440 81
277 3369 472 3430 Phoenicium
492 3394 557 3432 esse
578 3377 644 3434 vult
664 3379 818 3456 regionem
832 3379 919 3436 illem
935 3375 975 3437 ed
986 3397 1077 3458 quem
1091 3378 1233 3437 Saraceni
1244 3375 1372 3452 nerige-

273 3467 354 3516 runt.
398 3468 510 3516 etcum
522 3457 707 3540 Nicephorus
722 3458 776 3526 cdv
790 3464 1047 3538 molestatoribus,
1069 3465 1241 3542 putarimus
1254 3458 1293 3518 ed
1307 3462 1372 3517 eius

272 3543 404 3602 nominis
420 3541 565 3624 oppidum
577 3545 764 3628 fluviumque
777 3551 943 3628 pertinere,
971 3551 1024 3630 qui
1037 3545 1145 3608 Rhodo
1161 3546 1277 3606 insulse
1293 3545 1373 3602 rici-

273 3647 330 3686 nus
344 3639 403 3703 est3
427 3628 539 3711 dequo
555 3629 738 3712 Stephanus.
780 3643 815 3692 tu
831 3633 901 3692 vide
918 3635 1010 3692 enitu
1021 3631 1205 3693 restituendo
1219 3633 1259 3691 sit
1274 3632 1373 3688 inter-

273 3717 401 3792 pretatio
419 3727 535 3778 nostre:
556 3735 625 3774 cum
639 3719 703 3776 ιἀηι
715 3739 819 3777 rumor
825 3717 1042 3799 percrebruisset
1057 3719 1277 3778 Saracenorum
1290 3715 1375 3774 clue-

274 3819 337 3855 sem
361 3799 579 3860 medendam
604 3801 649 3862 ad
673 3806 800 3862 ηανὰννιι
820 3803 979 3886 fisbn'cam
1007 3823 1201 3883 cupmsrums
1221 3821 1316 3860 omma
1339 3801 1374 3858 in

273 3883 470 3944 Phoenicium
499 3889 656 3948 ἱνιιίνσιζιια.
722 3886 928 3972 Theophanes
954 3889 1045 3949 etiem
1063 3885 1119 3955 sdtt
1140 3889 1272 3954 cotom
1295 3887 1372 3946 ⁸0¹5·

272 3969 333 4048 psit
347 3963 387 4050 ¹l).

277 4161 481 4174 ψ

342 4282 370 4354 Ι“)
387 4283 439 4354 τὴν
456 4285 573 4341 cetram
590 4287 634 4342 cd.
652 4289 741 4346 Puris.
758 4309 788 4363 p.
801 4291 853 4347 522
868 4291 892 4346 0
906 4295 936 4348 et
950 4289 987 4346 D.
