3017 4817
417 307 473 374 AD
497 305 778 375 NIGEPHORUM
803 307 957 374 NOTAE.
1165 309 1241 380 117

140 468 199 530 lim
222 469 365 530 translata
389 488 455 528 esse
475 463 512 532 sd
534 463 666 552 ipsumsi
684 461 777 544 ξύλα,
798 466 907 528 Indict.
921 472 953 533 2·
995 466 1241 551 prochronismus

142 566 189 614 est
205 574 350 616 annorum
362 555 426 613 fera
443 555 474 630 6,
497 551 648 634 siquidem
662 573 690 612 a.
705 553 852 613 duntaxat
866 555 997 613 Heraclii
1011 554 1063 630 24,
1085 567 1120 615 ut
1135 568 1239 617 auctor

141 651 189 698 est
201 639 406 720 Theophanes
421 659 456 699 ac
469 636 630 712 cedrenus,
649 648 848 718 transportata
864 641 900 698 ab
915 643 1094 720 imperatore
1110 645 1243 702 sanctis*

140 727 218 782 sima
236 745 270 783 ao
283 725 401 784 vivifica
422 744 497 782 crux
510 735 571 800 est,
603 725 732 804 Syriacis
753 725 842 784 rebus
864 726 954 805 plane
976 724 1149 805 desperans.
1192 736 1238 787 est

138 807 193 867 hic
214 827 241 868 a.
264 811 296 870 (l.
312 809 391 886 634,
412 807 520 868 indict.
538 811 569 872 7.
611 810 658 870 bis
680 811 774 889 igitur
794 811 913 890 cpolim
933 809 1056 869 advecta
1079 831 1155 870 crux
1176 823 1232 871 est.
1249 815 1272 870 P
1289 817 1326 873 72

138 897 274 973 primum
289 914 316 952 a.
333 895 464 953 Heraclii
481 895 530 969 19,
552 895 745 974 simulatque
764 915 781 952 e
800 894 923 954 Perside
939 908 1056 976 recepta
1070 905 1127 956 est.
1157 896 1240 955 unde

139 980 179 1037 sb
195 981 334 1040 Heraclio
353 981 511 1054 translata,
543 979 581 1038 ah
605 977 711 1038 ecdem
733 978 831 1040 denuo
849 991 917 1060 post
932 1000 1027 1040 annos
1041 983 1061 1044 6
1077 979 1117 1039 ad
1132 982 1239 1040 urbem
1323 1023 1327 1026 -

140 1065 277 1124 remissa.
321 1075 351 1122 et
363 1063 550 1143 Nicephcrus
566 1073 725 1145 utramque
744 1068 971 1125 translationem
987 1069 1156 1146 promiscue
1177 1064 1236 1125 ha-

137 1149 234 1206 huie·
276 1149 449 1228 Sigebertus
474 1167 502 1206 a.
527 1149 589 1212 655
615 1149 776 1208 Saracenis
800 1153 842 1208 ait
870 1153 991 1230 Syriam
1010 1151 1236 1228 infestantibus,

139 1233 306 1292 Heraclius
326 1253 443 1291 crucem
460 1241 600 1291 sanctam
615 1234 730 1292 domini
743 1232 785 1290 ab
795 1235 990 1294 Hierusalem
1006 1233 1123 1312 Cpolim
1135 1245 1237 1295 trane-

138 1317 220 1376 tulit.
265 1337 326 1377 uno
341 1336 420 1380 annc
430 1318 499 1398 plus
516 1315 598 1374 dicit.
642 1315 696 1376 sed
711 1336 814 1375 revera
829 1337 926 1376 annus
939 1321 999 1377 fuit
1013 1319 1084 1384 634.

225 1423 257 1482 p·
270 1405 312 1466 26
327 1421 357 1462 v.
373 1403 404 1464 9.
446 1397 486 1464 ου’
500 1396 596 1475 wolde
613 1398 645 1462 dl
658 1393 784 1482 χρόνος]
805 1404 937 1461 Heraclii
952 1405 1013 1476 22,
1035 1401 1147 1463 Christi
1161 1406 1235 1481 631,

138 1488 287 1546 Arabessa
305 1488 447 1546 Romanis
463 1483 604 1544 deficiunt
616 1487 653 1544 ob
670 1504 774 1563 rogam
789 1489 853 1546 sire
864 1485 1039 1547 donativum
1052 1488 1089 1546 ah
1103 1491 1236 1567 impera·

138 1575 215 1632 toris
235 1569 371 1632 eunucho
393 1591 463 1630 cum
483 1571 663 1630 contumelia
687 1569 878 1648 denegatum.
929 1569 1070 1652 Theoph.
1087 1573 1189 1652 sigeb.
1207 1594 1236 1633 a.

138 1661 216 1722 638.
238 1655 346 1716 eodem
362 1675 389 1716 a.
403 1658 530 1716 moritur
546 1653 731 1715 execrandus
745 1657 799 1714 ille
812 1653 1016 1716 Machometes
1029 1657 1077 1715 die
1092 1659 1172 1716 lunii
1186 1660 1238 1720 17.

138 1743 285 1802 tuccessit
297 1741 491 1816 Abubecher,
520 1743 572 1822 qui
590 1760 616 1800 a.
630 1742 762 1800 Heraclii
775 1744 833 1816 23,
855 1739 962 1801 indict.
978 1741 1013 1817 5,
1035 1742 1237 1802 Palaestinam

138 1827 278 1886 vastarit.
322 1845 349 1885 a.
361 1847 432 1886 vero
445 1827 577 1885 Heraclii
588 1822 631 1891 21
643 1827 777 1900 moritur,
796 1823 863 1884 lnd.
877 1833 908 1902 7,
928 1846 997 1884 cum
1010 1838 1173 1905 regnasset,
1195 1829 1239 1886 ait

138 1909 356 1990 Theophanes,
378 1932 406 1971 a.
419 1915 450 1975 2.
492 1909 644 1970 cedrenus
657 1907 741 1968 addit
750 1929 871 1971 menses
883 1913 915 1978 6.
958 1911 1091 1972 succedit
1100 1915 1238 1988 Ornatus,

139 2015 233 2078 aquo
245 1999 351 2056 Bostra
368 1999 505 2100 ahaetpue
521 1997 610 2054 urbes
625 2005 825 2074 expugnatae.
1158 2063 1161 2068 ¹

227 2081 269 2140 ib.
293 2101 324 2140 v.
343 2083 394 2144 10.
438 2079 535 2153 eodelr
546 2073 736 2160 Ἡράκλειος]
758 2079 866 2140 eodem
881 2079 1012 2138 Heraclii
1031 2097 1059 2137 a.
1074 2075 1117 2146 64
1131 2076 1239 2140 Theo-

139 2163 233 2226 dorus
248 2167 381 2224 Heraclii
396 2165 488 2226 frater
506 2166 543 2224 ab
557 2167 665 2225 0maro
680 2167 818 2241 vincitur,
838 2161 910 2222 inda
925 2167 1070 2224 Emesam
1085 2162 1125 2222 sd
1139 2167 1239 2245 impe·

138 2263 272 2311 retorem
293 2251 381 2330 fugit.
425 2251 473 2310 cui
488 2269 641 2310 successor
659 2246 745 2309 datm
761 2260 806 2309 est
817 2251 935 2309 Baanes
952 2260 984 2308 et
996 2247 1176 2310 Theodorus
1189 2268 1239 2309 sa-

140 2337 299 2412 cellarius,
323 2355 413 2416 aquo
427 2335 541 2396 Arabes
553 2333 668 2396 Edessa
679 2337 862 2396 Damascum
877 2353 974 2417 usque
986 2335 1094 2414 fugati.
1132 2332 1241 2396 Theo·

139 2419 259 2502 phanes
273 2432 303 2481 et
316 2420 479 2480 cedrenus

228 2526 260 2585 p·
269 2511 310 2570 27
324 2505 391 2570 ιδ.
410 2505 443 2568 le
453 2495 564 2568 τούτου
575 2496 768 2585 παρήγγειλε]
776 2503 908 2561 Heraclii
922 2501 974 2578 25,
988 2499 1098 2562 iisdem
1109 2504 1241 2563 auctori-

138 2593 217 2664 bus,
237 2593 355 2650 Baanes
368 2611 403 2649 ac
417 2587 598 2650 Theodorus
612 2590 742 2648 Heraclii
760 2585 852 2647 duces
868 2589 1055 2648 sSamcenis
1069 2589 1240 2664 vincuntur,

139 2681 185 2742 28
199 2677 284 2750 iulii,
305 2677 381 2736 feria
395 2681 426 2750 3,
450 2672 671 2754 inTheophane
688 2684 799 2734 nostro.
834 2671 889 2732 sed
902 2675 1030 2752 Augusti
1044 2692 1101 2750 pru
1112 2675 1183 2732 Iulii
1199 2693 1242 2733 ex

138 2762 281 2820 Miscella
301 2759 533 2820 rescribendum.
576 2759 684 2819 accidit
703 2757 762 2818 hoc
783 2779 812 2816 a.
833 2758 868 2816 C.
889 2758 966 2834 634,
996 2759 1080 2836 cyclo
1099 2759 1175 2818 solis
1186 2763 1240 2834 27,

138 2847 190 2904 lit.
206 2842 287 2904 dom.
305 2848 352 2904 B..
384 2845 439 2904 sed
454 2844 591 2904 nondum
605 2845 736 2904 Heraclii
751 2862 779 2901 a.
791 2844 900 2902 inierat
914 2841 974 2919 25,
1006 2862 1076 2902 cum
1088 2841 1187 2902 adhuc
1200 2841 1244 2907 24

140 2929 314 2988 decurreret
330 2948 399 2989 cum
415 2928 521 2988 Indict.
532 2933 564 2992 7.

227 3013 269 3072 ib.
295 3035 325 3074 v.
351 3018 402 3078 17.
442 3015 505 3076 scis
525 3004 845 3120 Oduuopouulodpuu]
867 3010 1083 3068 Constantinus
1098 3004 1241 3090 Porphy-

140 3117 246 3178 rogen.
269 3099 292 3158 l.
313 3102 335 3163 2
358 3097 398 3160 dc
418 3095 561 3158 Themst.
593 3089 902 3178 Oscumovudov‘pccr
927 3097 970 3154 ait
996 3098 1119 3155 vocatos
1145 3095 1241 3156 fuisse

138 3185 199 3246 Bul
221 3204 298 3244 aros

200 3205 258 3348 gp.
272 3272 313 3332 28
327 3287 355 3330 v.
371 3270 404 3331 2.
444 3260 589 3346 'Indum
600 3259 652 3328 τᾶν
666 3263 851 3346 Βαρκαίνης]
865 3259 1069 3342 Theophanes
1084 3261 1242 3323 acoedre·

142 3373 201 3414 nus
216 3373 243 3412 a.
256 3357 297 3414 27
312 3354 439 3412 missum
456 3361 579 3411 narrum
597 3351 637 3410 ab.
655 3351 836 3430 imperatore
848 3352 992 3408 loannem
1006 3346 1114 3408 ducem
1128 3369 1242 3428 cogno·

143 3448 248 3498 mento
271 3439 410 3494 Kartzam
433 3435 657 3516 (Theophanes
679 3433 850 3512 Καταίας),
879 3436 1027 3495 osroenae
1044 3435 1240 3513 praefectum,

144 3525 198 3604 qui
219 3519 441 3581 Chalcedonam
458 3519 536 3601 (leg.
552 3518 726 3580 Chalcidem
742 3541 783 3578 ex
796 3518 951 3598 Miscella)
969 3517 1009 3577 ad
1021 3517 1128 3578 ledum
1139 3519 1242 3578 Omari

146 3609 255 3668 ducem
273 3606 423 3686 profectus
445 3615 566 3664 centum
582 3607 668 3663 milia
686 3625 849 3664 numerum
867 3606 1019 3684 pollicitus
1035 3613 1095 3679 est,
1123 3623 1161 3660 ne
1175 3606 1241 3662 Eu-

144 3692 284 3773 phratem
297 3694 446 3750 transiret.
490 3687 572 3770 quod
587 3692 656 3770 quia
672 3691 767 3750 inscio
780 3692 960 3771 imperatore
973 3688 1101 3762 fecerat,
1123 3688 1241 3764 relega-

146 3789 195 3837 tus
210 3789 264 3853 est,
287 3779 375 3856 eique
388 3794 541 3836 successor
556 3772 643 3833 datin
659 3784 704 3833 est
716 3776 917 3834 Ptolemaeus.
954 3771 1008 3830 aed
1023 3774 1118 3831 alium
1131 3772 1168 3830 ah
1181 3770 1240 3831 hoe

145 3865 260 3922 Ioanne
275 3872 393 3941 oportet
407 3863 496 3920 illum
508 3881 574 3920 esse
588 3858 625 3918 de
641 3879 700 3940 quo
713 3858 898 3941 NIcephoms
915 3849 1065 3917 hocloco.

232 3945 274 4007 ib·
299 3967 328 4004 v·
350 3950 402 4012 22·
444 3950 499 4027 τῆς
516 3942 639 4029 Tectae]
669 3942 738 4004 vide
764 3965 839 4004 num
868 3963 904 4003 eo
924 3944 1072 4022 pertineat
1092 3937 1240 4001 distichon

146 4030 225 4092 illud
241 4051 282 4092 ex
294 4029 387 4092 Anth.
406 4030 461 4095 1.4
476 4051 502 4089 c.
517 4035 536 4096 8
551 4031 594 4106 εἰς
608 4029 726 4093 εἴσοδον
741 4029 869 4113 teactae:

310 4121 419 4181 τοῦτον
432 4110 637 4192 'loerrwscuo'r
651 4108 783 4197 clydslsu
797 4117 919 4196 deluere
929 4114 1037 4195 χῶρον,

373 4196 465 4268 h'drtrs
476 4200 530 4266 sat
540 4204 611 4290 γαίῃ
624 4196 733 4276 κάλλος
746 4191 956 4282 ἐπικωμάσας.

147 4307 248 4374 neque
263 4287 346 4350 enim
359 4286 400 4350 ad
415 4287 524 4353 sedem
534 4291 571 4351 tt.
584 4289 716 4368 Virginis
731 4288 883 4368 pertinere
898 4282 1034 4360 videtur,
1055 4289 1089 4342 ut
1101 4279 1246 4360 interpres
