3017 4817
227 304 264 354 rr
688 276 865 363 Qum

231 462 266 513 ut
285 454 431 530 roagium
450 444 718 527 scevophylacem,
739 456 819 507 certo
839 454 875 505 at
893 460 991 503 immo
1009 458 1050 501 ex
1067 436 1204 503 diaconis
1220 423 1330 503 scevo-

232 552 428 636 phylacibus,
451 548 533 632 apud
550 550 692 629 Sergium
709 560 739 609 et
758 548 931 608 Heraclium
945 546 1037 625 plane
1049 546 1214 621 mucium
1225 540 1332 603 homi·-

232 675 306 715 nem
327 655 493 729 exstitisse,
513 663 617 733 utpote
641 653 694 733 qui
709 652 841 711 multum
859 648 987 729 polleret
998 646 1121 725 iugenio
1134 655 1167 703 et
1178 642 1332 705 scribendi

233 753 487 817 succureret
502 774 564 814 noa
581 752 725 812 audiendi
737 764 807 813 suat
818 753 942 811 omniuo
954 749 1007 831 qui
1020 768 1092 809 etun
1104 745 1205 809 modo
1209 744 1332 809 ἀπω-

233 856 396 955 phylacem
421 856 512 917 modo
540 852 777 915 referendarimn
801 854 926 913 faciunt.
968 848 1079 911 Suidas
1100 847 1255 930 quidem
1246 869 1279 907 ur
1297 869 1329 910 v.

236 956 386 1045 lbcdpyrcr
400 958 559 1019 diacorum
574 968 604 1017 et
618 955 899 1038 chartophylacem,
919 950 1106 1033 nicephorus
1120 952 1261 1013 Callistus
1274 968 1335 1011 au-

235 1076 300 1125 tem
326 1065 405 1123 llist.
428 1064 468 1127 18
490 1060 531 1125 48
558 1058 794 1119 referendarium
812 1077 884 1119 eam
902 1056 1045 1137 appellat.
1085 1055 1224 1113 maxima
1238 1054 1334 1113 etiam

235 1162 375 1227 codicum
388 1182 451 1223 mss
464 1173 509 1223 est
520 1164 738 1221 inconstantia'
730 1182 764 1221 ιιι
776 1162 863 1230 titulo
877 1169 907 1218 et
920 1157 1066 1237 dignitate
1078 1153 1265 1235 designando
1276 1154 1334 1216 ri-

235 1258 335 1329 sideet
357 1252 437 1326 'aem
456 1267 490 1323 in
512 1262 664 1324 codicibus
685 1260 826 1323 biblioth.
845 1264 946 1342 regiae
966 1261 1144 1321 Par-iriensis
1161 1259 1242 1318 etin
1260 1258 1339 1339 qui·

235 1368 367 1430 busdam
378 1371 470 1429 etiam
480 1368 631 1429 Vaticanis
641 1365 785 1426 diaconus
795 1360 1004 1427 tantummodo
1014 1346 1155 1436 vocatur3
1175 1370 1208 1420 et
1217 1362 1251 1418 in
1264 1356 1333 1419 cod.

236 1470 462 1535 vindobonensi
477 1470 541 1534 209
557 1466 639 1550 apud
650 1469 847 1529 Lambecirmr
861 1468 917 1526 tib.
932 1466 955 1531 5
966 1486 998 1545 p.
1014 1466 1054 1530 19
1072 1462 1217 1523 maccam
1228 1472 1264 1521 et
1281 1482 1334 1521 ra·

236 1572 441 1649 ferendumne,
465 1580 495 1631 et
507 1571 562 1631 lib.
579 1576 599 1635 6
612 1592 644 1651 p·
659 1574 721 1635 162
737 1568 880 1629 dlaconus
893 1577 924 1628 et
937 1564 1175 1647 chartophylax3
1198 1566 1336 1645 itemque

234 1676 268 1735 ia
281 1673 421 1734 biblioth.
433 1669 630 1733 Taurlaeusis
645 1670 711 1731 cod.
727 1671 791 1735 804
805 1666 1039 1750 chartophylax,
1061 1678 1093 1726 et
1110 1669 1144 1725 iu
1156 1663 1259 1725 codice
1272 1668 1339 1729 360

236 1773 455 1835 referendarios
484 1771 603 1833 dicitur.
643 1792 802 1853 perperam
831 1782 933 1831 autem
963 1770 1152 1831 doctissimus
1180 1769 1339 1827 Fabricius·

236 1878 292 1936 lib.
306 1880 327 1939 7
341 1896 371 1955 p.
386 1876 447 1939 691
464 1885 623 1956 utrumque
644 1876 767 1934 titulum
785 1876 956 1949 coniunxit,
979 1882 1009 1932 et
1022 1874 1185 1951 Georgium
1196 1881 1341 1929 noemam

237 1973 502 2055 chartophylacem
528 1987 558 2035 et
582 1974 819 2035 referendarium
838 1976 1017 2035 declararit:
1045 1990 1338 2055 eumquaecunque

237 2078 330 2138 lberlt
346 2080 410 2137 eius
428 2076 577 2157 dignitas,
602 2088 681 2137 certe
701 2078 873 2140 unasirnul
884 2075 1104 2156 chartophylax
1118 2087 1148 2136 et
1159 2072 1339 2135 referenda-

237 2182 300 2239 rlus
315 2196 380 2239 assa
395 2198 455 2238 uon
471 2182 585 2259 potuit,
607 2178 690 2261 quod
702 2177 943 2259 chartophylacis
957 2189 988 2237 et
1002 2176 1197 2238 referendarii
1210 2174 1271 2235 duo
1285 2195 1339 2237 as-

238 2290 305 2341 rent
317 2298 444 2339 munera
457 2282 490 2338 in
508 2282 632 2341 ecclesia
646 2283 804 2362 Opclitana
824 2280 980 2357 distincta,
1003 2300 1081 2362 qaae
1094 2300 1157 2340 ooo
1172 2296 1253 2338 uuus
1268 2278 1340 2337 cbi-

117 2400 145 2455 Ρ.
161 2386 223 2442 vm
239 2392 296 2459 ret,
317 2381 372 2442 sed
383 2401 461 2462 quae
475 2386 588 2441 viritim
598 2387 631 2441 in
645 2382 704 2443 duo
718 2388 816 2465 capita
829 2383 1084 2443 distribuerentur.
1126 2381 1238 2441 melius
1247 2381 1339 2438 Alte-

238 2484 299 2544 tit'rs
312 2486 484 2543 testimonio
495 2484 607 2543 Suidae
620 2487 723 2561 fretus,
747 2498 777 2545 et
788 2484 924 2546 oudinus
933 2485 1080 2543 Allatiruu
1090 2493 1247 2564 sequutus,
1268 2481 1339 2541 dia-

240 2604 351 2645 conum
368 2596 398 2643 et
411 2583 673 2665 chartophylacem
691 2589 855 2667 Georgium
866 2589 1069 2645 nominarunt.
1110 2594 1142 2644 at
1156 2585 1339 2646 Guillelmru

241 2688 440 2746 Ceramicus
460 2698 596 2747 accurate
616 2690 765 2765 scribens,
796 2700 827 2748 et
846 2692 880 2747 in
898 2698 961 2747 toto
981 2688 1105 2747 articulo
1120 2686 1158 2746 de
1170 2682 1274 2747 Pisida
1289 2698 1339 2746 te-

240 2786 341 2849 xendo
360 2791 487 2869 turpiter
507 2790 687 2865 alucinator,
709 2812 780 2850 eum
790 2792 861 2849 fecit
874 2802 904 2850 et
916 2789 1068 2850 rhetorem
1081 2800 1111 2849 at
1124 2786 1341 2880 chartophyla-

242 2912 309 2951 cem
328 2904 459 2971 magnae
481 2894 624 2955 ecclesiae
649 2894 842 2973 cpolitanae,
871 2892 981 2953 deinde
1003 2897 1095 2952 etiam
1115 2894 1340 2971 metropolitem

242 2996 306 3054 sire
326 2993 583 3075 archiepiscopum
601 2995 873 3056 Nicomediensem.
914 2998 941 3054 si
953 3017 1008 3076 pro
1020 2993 1138 3055 rhetore
1151 3002 1275 3074 poetam
1287 2992 1337 3053 di·

242 3098 337 3155 xisset
358 3096 510 3175 Pisidam,
531 3102 617 3159 nulla
639 3110 717 3159 esset
735 3100 952 3158 coneoverstar
982 3110 1013 3158 at
1031 3100 1116 3158 nulla
1135 3100 1200 3157 eius
1218 3106 1339 3157 exstant

244 3216 334 3277 opera
348 3196 500 3258 rhetorum
514 3220 598 3260 more
610 3204 736 3281 scripta,
756 3220 814 3259 nec
828 3198 903 3281 quid
913 3202 1012 3261 simile
1023 3220 1157 3282 umquem
1170 3198 1339 3259 elaborasse

244 3296 388 3358 traditum
410 3312 465 3360 est.
508 3302 563 3361 sed
583 3302 733 3363 rhetorem
755 3312 786 3361 et
806 3300 1063 3383 archiepiscopum
1078 3301 1341 3363 Nicomedieneem

242 3402 316 3459 fecit
331 3403 410 3461 Cave
425 3401 530 3461 ecdem
548 3424 646 3465 errore
662 3403 787 3481 ductus,
808 3424 868 3485 quo
887 3416 956 3465 aute
970 3422 1042 3463 eum
1054 3406 1106 3463 alii
1122 3403 1239 3484 decepti
1257 3413 1340 3479 sunt,
1414 3430 1428 3454 ο
1503 3395 1504 3414 ’

244 3504 408 3583 Georgium
437 3504 571 3565 Pisidam
607 3528 676 3567 cum
705 3510 834 3587 Georgic
860 3505 1083 3567 Nicomediemi
1111 3505 1340 3581 coafrmdentes,

244 3603 327 3686 quod
345 3608 530 3669 invenissent
549 3618 710 3693 utromque
722 3612 859 3691 pluribus
871 3612 905 3667 in
918 3608 1071 3669 codicibus
1084 3620 1116 3668 et
1132 3611 1296 3687 Georgirrm
1310 3617 1342 3665 et

246 3705 508 3790 chartophylacem
524 3714 726 3793 appellatum
749 3714 887 3794 quamvis
903 3730 1010 3789 semo,
1032 3710 1115 3793 quod
1129 3714 1239 3786 sciam,
1259 3711 1341 3769 Pisi-

246 3809 316 3871 dam
335 3812 485 3873 rhetorem
505 3820 672 3877 nominarit
688 3817 916 3896 praetereare,
943 3817 1011 3895 qui,
1032 3824 1067 3873 ut
1081 3812 1216 3889 ridetur,
1236 3813 1342 3871 fucum

246 3914 303 3971 sibi
323 3914 387 3975 fieri
406 3936 513 3995 passus
533 3930 579 3979 est
599 3920 648 3977 rel
665 3937 682 3976 a
698 3917 799 3977 codice
816 3915 956 3977 biblioth.
969 3918 1095 3975 Antonii
1106 3916 1288 3995 Augmtiai,
1308 3916 1342 3971 io

245 4033 305 4093 quc
319 4021 411 4076 oratio
427 4020 470 4094 εἰς
483 4016 516 4084 rd
533 4016 703 4103 εἰσήκεισαν
714 4018 796 4099 rrupd
810 4025 854 4107 epi
867 4023 986 4104 cecropi
999 4022 1055 4082 τοῦ
1063 4012 1162 4098 Ἰησοῦ
1175 4018 1232 4077 sub
1245 4018 1341 4075 Geor-

245 4118 287 4195 gii
310 4114 436 4179 rhetoris
457 4124 588 4202 episcopi
609 4121 804 4181 Nicomediae
821 4125 946 4181 nomine
962 4122 1135 4201 legebatur,
1156 4121 1207 4180 rel
1225 4140 1243 4177 a
1257 4115 1341 4177 codi-

244 4218 327 4280 cibus
339 4220 618 4285 Vindobcnensibus
635 4223 717 4305 apud
728 4227 926 4285 bambaciam
937 4226 991 4285 lib.
1007 4225 1027 4291 6
1045 4246 1076 4305 p·
1094 4220 1155 4289 144
1168 4231 1200 4281 et
1211 4224 1291 4297 277,
1311 4227 1344 4277 εἴ
