3017 4817
292 280 350 349 DE
373 278 511 352 nuans
535 278 648 349 POST
672 278 914 349 MAURIOEUM
935 278 1094 348 Gestis.
1198 278 1248 353 57

148 452 232 535 ὅστις
244 453 299 523 τόν
312 452 434 521 ἅπαντα
446 452 599 542 παρέλαβε
617 448 736 521 στόλον.
787 450 823 530 ὃς
835 451 914 540 πρός
928 457 968 539 τῇ
976 448 1075 541 Ῥόδῳ
1090 446 1248 538 γενόμενος

147 562 200 625 καὶ
223 558 263 625 τὰ
288 558 483 641 ἐντεταλμένα
502 558 696 644 ἀπαγγέλλων
716 562 913 635 καταπειθεῖς
928 554 1045 643 εόρισκε
1060 558 1111 621 καί
1124 553 1248 643 προθό·

146 686 227 745 μους
238 662 316 749 πρὸς
327 662 381 727 τόν
395 658 544 727 διάπλουν
555 657 748 749 ὑπάρχοντας
760 658 833 737 νοός
846 659 1088 745 συνειλεγμένους
1099 656 1248 737 ἅπαντας.

146 762 235 847 μόνοι
260 766 294 830 δὲ
318 765 347 830 οἳ
370 760 607 851 παραγενόμενοι
630 770 686 830 τοῦ
706 764 849 848 Ὀψικίον
874 770 1006 849 στρατοῦ
1027 762 1083 847 τὴν
1105 761 1250 846 τοιαύτην

121 864 324 953 6όδοιπορίαν
339 868 523 933 όεδοίκεααν.
574 866 788 947 στασιάζουσιν
806 857 862 933 σόν
877 867 910 944 ἐξ
927 865 1037 945 αιἰτοῦ,
1062 868 1114 932 καί
1127 865 1250 949 τὸνμὲν

145 972 276 1053 βασιλέα
291 966 490 1037 Ἀναστάσιον
508 967 723 1059 έδυσφήμουν,
738 966 880 1054 Ἰωάννην
898 970 932 1035 δέ
949 969 1003 1036 τόν
1018 966 1158 1060 διάκρνον
1169 967 1250 1057 ῥομ-

147 1074 227 1165 ηαίρι
237 1067 460 1140 άναλίσκοιισιν.
511 1074 651 1139 insides
662 1072 769 1141 λοιπὸν
782 1073 812 1139 oi
824 1071 930 1141 στόλοι
941 1071 1172 1153 σκεδάννυνται,
1196 1074 1250 1139 καὶ
1302 1086 1313 1097 “

146 1176 226 1263 πρός
248 1175 288 1241 τά
312 1178 405 1241 olatio
428 1176 618 1243 ἀπέπλευσαν
640 1178 777 1255 ἕκαστος.
827 1177 916 1243 attat
938 1178 972 1243 δέ
989 1178 1038 1242 ἐπὶ
1057 1175 1114 1261 τὴν
1130 1172 1290 1243 {moise

148 1276 283 1356 όνιόντες
309 1278 459 1365 καὶπρὸς
484 1280 519 1347 τό
536 1277 759 1367 Ἀδραμύττιον
782 1277 936 1363 γενόμενοι
960 1280 1053 1345 tutos
1077 1275 1251 1367 εόρίσκονσι

104 1386 142 1443 10
153 1378 323 1448 Θεοδόσιόν.
339 1408 408 1449 τινα
434 1380 549 1467 όνομα,
574 1388 636 1449 τῶν
657 1382 812 1475 δημοσίων
829 1380 935 1469 φόρων
949 1378 1126 1468 πράκτορα,
1147 1379 1251 1469 ‹inpui-

147 1480 247 1572 γμονά
266 1510 335 1551 τινα
354 1486 406 1551 καλ
427 1484 552 1569 ίδιιότην
568 1482 770 1571 τυγχάνοντα,
796 1486 848 1549 καλ
862 1484 941 1571 πρὸς
954 1484 1010 1569 τὴν
1024 1491 1080 1568 τῆς
1093 1488 1252 1567 βασιλείας

148 1588 238 1665 ἀξίαν
249 1587 479 1675 προτρίποοσιν.
514 1584 532 1653 ό
546 1589 580 1653 δέ
593 1589 694 1676 φυγάς
706 1586 801 1676 ρ’ίχετο
814 1589 866 1652 καὶ
881 1590 924 1665 εἷς
936 1586 1009 1674 όρος
1021 1586 1254 1674 κατεκρόπτετο.

148 1690 236 1757 sisoi
251 1692 285 1755 δέ
297 1687 514 1779 ἐπιδραμόντες
524 1694 575 1757 καλ
586 1688 768 1777 βιασάμενοι
778 1692 910 1775 βασιλέα
923 1715 956 1758 τε
968 1688 1188 1781 άνογορεόουσι
1199 1692 1268 1777 καί,

148 1794 228 1878 μεθ’
246 1790 362 1860 ἑαυτῶν
377 1792 496 1879 λέγουσι.

105 1903 143 1960 15
253 1902 364 1963 Ταῦτα
378 1893 577 1974 Ἀναστάσιος
594 1896 787 1983 μεμαθηκὼς
799 1894 836 1963 τό
851 1896 908 1980 μέν
920 1892 1090 1976 Βυζάντιον
1101 1894 1162 1981 ἤδη
1174 1920 1254 1984 προ·

149 1997 369 2088 κατοχυριόοοις
394 2000 426 2064 έν
447 2006 487 2088 τῇ
508 1997 594 2065 πόλει
615 2004 749 2078 Νικαίας
765 2006 821 2083 τῆς
834 1998 914 2065 κατά
926 2002 1080 2065 Βιθυνίαν
1093 2000 1255 2087 ἐξέρχεται,

150 2103 268 2169 κάκεῖσε
291 2099 402 2168 ἑαυτόν
422 2104 688 2190 νανασφαλίζεται.
737 2100 755 2169 d
779 2102 814 2170 δὲ
834 2101 913 2186 μετὰ
935 2102 1102 2169 Θεοδοσίου
1120 2102 1252 2190 στρατός
1264 2115 1292 2171 1)

149 2204 314 2289 συλλαβὼν
339 2202 460 2271 ἅπαντα
485 2206 539 2271 τὸν
561 2210 616 2270 τοῦ
632 2204 776 2289 Ὀψιιιίου
795 2202 929 2290 στρατόν
941 2206 993 2269 καὶ
1008 2210 1135 2271 πλεῖστα
1149 2203 1255 2293 σκάφη

151 2306 302 2397 έμπορινά
308 2354 319 2387 ,
338 2309 390 2372 καὶ
404 2306 481 2373 κατά
496 2306 531 2373 τό
546 2306 607 2393 ἤδη
617 2290 674 2373 ’καί
687 2304 824 2394 πρόσθεν
835 2307 993 2393 είρημίνον
1005 2309 1256 2397 παραδαλασσίιμ

103 2424 144 2479 2⁰
148 2414 254 2500 χωρίῳ
275 2408 503 2497 Χρυσοπόλεως
522 2411 729 2497 παραγίνεται.
781 2410 896 2475 ἐκεῖθέν
920 2436 953 2477 τε
977 2409 1033 2498 tp'
1048 2407 1177 2477 ἕκάστου
1191 2421 1256 2489 τοῖς

150 2518 185 2581 ἔκ
199 2521 255 2598 τῆς
268 2512 384 2591 πόλεως
401 2511 534 2598 πόλεμον
548 2515 737 2602 προσέβαλεν
744 2560 755 2593 ,
781 2514 829 2578 inl
845 2514 925 2597 μησί
934 2539 967 2579 τε
979 2510 1015 2591 (ἓξ
1028 2513 1069 2579 τὰ
1083 2520 1139 2597 τῆς
1153 2510 1257 2597 μάχης

150 2614 301 2706 διήρκεσε.
351 2618 403 2682 sal
418 2613 436 2682 ὁ
450 2624 506 2684 τοῦ
515 2616 714 2684 Ἀναστασίου
729 2615 838 2694 στόλος
851 2616 928 2702 πρὸς
943 2623 988 2705 τῷ
1003 2618 1116 2705 νεωρίῳ
1130 2622 1186 2700 τῆς
1197 2615 1256 2682 πό-

150 2726 228 2800 λεως
240 2720 422 2811 καλουμένῳ·
429 2720 526 2803 λιμένι
539 2722 686 2808 καταίρει,
702 2716 717 2785 ό
732 2719 766 2785 δὲ
777 2726 833 2786 τοῦ
850 2720 1016 2787 Θεοδοσίου
1030 2717 1140 2798 στόλος
1152 2719 1258 2797 ἀδείας

220 2898 257 2953 23
272 2892 387 2968 κατήρει
402 2894 441 2969 P,
460 2896 483 2952 f.
500 2894 759 2989 aosfiosl’etavius·
830 2868 834 2872 .

151 3050 290 3106 multarum
307 3068 395 3105 rerum
410 3049 575 3121 experientia
590 3049 749 3121 praeditum.
784 3048 829 3103 bie
845 3047 987 3103 universae
1000 3046 1079 3103 elussi
1090 3047 1260 3171 praepositus

152 3138 211 3175 eam
234 3118 357 3175 Rhodum
380 3121 514 3189 venisset,
537 3137 606 3191 quae
628 3120 656 3174 in
681 3118 810 3173 mendatis
834 3120 951 3173 habebat
973 3117 1105 3190 exposuit.
1141 3137 1157 3172 e
1192 3120 1260 3173 heae

152 3190 359 3245 assentientibus
378 3190 497 3243 omnibus
515 3198 544 3242 et
560 3191 594 3244 ad
611 3189 787 3258 navigandum
806 3188 923 3261 peratis,
946 3186 997 3241 soli
1014 3187 1180 3257 Obsequisni
1194 3206 1259 3258 pro-

153 3260 296 3313 fectionem
325 3258 394 3312 illem
423 3259 585 3313 metuebant.
622 3258 668 3328 qui
690 3260 797 3312 tandem
820 3258 952 3312 seditione
975 3258 1048 3310 faeta
1070 3276 1102 3310 eo
1125 3257 1262 3341 progressi

154 3337 218 3381 sunt
233 3336 263 3382 ut
281 3327 426 3381 maledictis
443 3328 471 3380 in
490 3326 655 3385 Anastasium
678 3327 865 3397 imperatorem
889 3325 1016 3380 coniectis
1032 3326 1157 3380 Ioannem
1174 3346 1184 3379 ι
1203 3344 1260 3381 aum

153 3396 293 3450 diaconum
308 3396 398 3465 gladio
414 3398 584 3465 peremerint.
620 3414 653 3451 ea
668 3415 698 3451 re
715 3398 788 3451 lecta
799 3405 858 3451 tota
875 3395 967 3449 elassis
984 3396 1036 3447 bne
1052 3394 1165 3478 illucque
1179 3347 1262 3451 ‹lissi-

153 3473 233 3537 pate,
257 3465 354 3535 singuli
371 3466 400 3518 in
418 3466 529 3536 putrium
546 3484 618 3521 suam
637 3466 741 3521 reversi
757 3475 828 3521 sunt.
864 3474 892 3519 at
907 3464 1045 3519 rebellium
1067 3483 1176 3547 copiae,
1200 3467 1262 3519 dum

156 3543 185 3588 et
205 3534 281 3605 ipsse
304 3551 409 3617 quoque
433 3535 544 3604 patriam
568 3545 695 3605 repetunt
718 3546 746 3589 et
771 3536 805 3589 ad
821 3533 1014 3603 Adramyttium
1034 3535 1183 3604 applicant,
1208 3534 1262 3587 illic

153 3604 226 3657 forte
243 3604 422 3657 Theodosium
439 3604 567 3673 quendam
584 3604 747 3673 publicorum
764 3603 933 3673 vectigalium
952 3612 1102 3657 erectorem
1114 3602 1263 3671 inveniunt,

155 3672 272 3743 quietum
291 3672 420 3727 bominem
436 3692 467 3726 nc
483 3672 630 3743 privatum,
656 3691 769 3741 eumque
785 3676 820 3728 ad
838 3673 1026 3743 capessendum
1044 3670 1181 3740 imperium
1198 3672 1262 3726 hor-

156 3750 255 3795 tantur.
290 3741 335 3795 illa
351 3743 415 3809 fuge
434 3741 538 3811 elapsus
556 3742 584 3795 in
601 3752 689 3796 monte
704 3741 820 3797 delituit.
857 3743 906 3797 sed
922 3748 1091 3795 accurrentes
1104 3740 1143 3793 illi
1159 3759 1192 3795 ae
1208 3740 1264 3795 vim
1279 3754 1305 3791 ι.
1323 3738 1376 3793 716

154 3810 302 3865 inferentes
318 3810 504 3881 imperatorem
521 3810 637 3866 salutant
654 3830 685 3866 ae
702 3828 790 3867 secum
807 3811 964 3882 perducunt.

225 3880 302 3934 Haeo
326 3880 374 3935 ubi
396 3880 551 3935 Anastasius
574 3882 717 3953 comperit,
736 3881 867 3950 Byzantio
883 3877 1072 3933 munitionibus
1088 3879 1192 3932 firmato
1210 3876 1263 3932 Ni-

156 3966 223 4003 oaee
242 3949 270 4001 in
290 3948 443 4017 Bithyniam
466 3949 602 4022 proiectus
627 3960 679 4005 est.
718 3950 757 4004 ibi
782 3950 902 4004 omnibus
919 3967 948 4002 se
965 3947 1107 4030 praesidiis
1125 3946 1262 4001 instruxit.

156 4016 264 4072 interim
280 4018 427 4073 Theodosii
444 4020 538 4090 copiae
556 4019 754 4091 Obsequisnom
773 4036 875 4074 omnem
892 4025 1035 4071 exereitum
1054 4034 1086 4070 ιο
1103 4016 1196 4071 multus
1214 4035 1261 4071 ne-

157 4087 316 4157 gotiatorum
331 4106 414 4142 neves
431 4096 575 4158 occupant3
591 4105 721 4159 moxque,
738 4097 769 4141 nt
783 4088 861 4161 paulo
879 4096 942 4141 ante
958 4086 1068 4139 relatum
1085 4096 1142 4159 est,
1159 4087 1194 4141 ad
1206 4105 1262 4141 ms-

157 4156 272 4211 ritimem
287 4156 427 4211 stationem
441 4158 679 4227 chrysopolitanae
693 4158 766 4212 urbis
780 4156 924 4241 applicant.
959 4155 1022 4209 inde
1036 4172 1189 4277 pppngnare
1207 4174 1265 4209 eam

157 4226 276 4295 aggressi
301 4244 349 4280 ser
374 4228 508 4281 mensibus
532 4226 560 4279 in
582 4228 720 4282 obsidione
744 4234 900 4297 persnmnt
944 4242 1013 4294 quae
1060 4242 1100 4278 um
1127 4235 1265 4295 geruntur,

158 4294 292 4351 Anestusii
308 4296 400 4353 elassis
414 4298 448 4354 od
465 4296 559 4352 navale
576 4296 617 4367 (id
634 4298 708 4354 urbis
726 4296 818 4368 portui
833 4312 928 4351 nomen
943 4297 999 4366 est)
1017 4293 1136 4369 appellit.
1172 4294 1264 4351 Theo—
