3017 4817
465 286 720 358 DESCRIPTIO
743 288 779 358 S.
803 288 995 358 solman
1227 290 1279 365 93

169 457 227 518 hoc
244 457 338 537 longe
360 458 452 517 altius
474 475 539 517 esse
558 478 614 538 por
633 466 678 517 est
700 455 839 535 credere,
861 460 888 517 sl
910 405 1063 518 latitudini
1079 456 1208 517 altitudo
1228 480 1278 518 re-

169 542 328 625 spondeat.
372 562 442 603 cum
466 542 597 624 deniqne
621 562 700 602 anuo
722 543 830 602 mnndi
852 547 939 603 iuxta
958 547 1088 603 Graecos
1104 543 1205 620 6494,
1228 549 1279 603 iu·

169 629 302 688 dictione
330 630 387 705 15,
419 650 524 689 mense
547 628 666 688 Octobri
685 650 726 688 ex
745 640 844 689 terrae
865 640 950 689 motu
968 624 1111 689 succussa
1133 630 1279 712 pleraque

169 716 252 775 urbis
265 715 382 793 templa
397 734 432 773 ac
445 714 580 774 aedilicia
599 718 796 790 corruissent,
818 718 975 797 ipsiusque
988 713 1204 795 hemisphaerii
1218 718 1279 777 80-

169 799 277 881 phiani
296 819 383 879 pars,
405 798 484 859 hanc
505 803 669 881 imperator
690 802 823 862 Basilius
841 804 1079 880 bulgaroctonus
1094 820 1212 859 rursum
1229 805 1279 859 iu·

170 888 333 960 stauravit,
356 880 537 967 δαπανήσας
559 887 602 961 εἰς
623 885 717 967 μόνας
734 883 789 962 cde
800 884 940 993 μηχσνοὲς
953 892 1010 950 τοῦ
1023 880 1154 961 deloco,
1176 881 1220 949 δι’
1234 879 1280 949 δν

171 972 203 1033 οἱ
224 977 358 1050 τεχνῖται
378 966 534 1052 ἱστάμενοι
553 968 677 1046 salsole
697 966 774 1046 ὅλας
790 972 981 1055 αναγομένας
996 968 1153 1052 δεχόμενοι
1171 967 1283 1056 ῷισδό·

170 1080 252 1199 ίμμῖῗνν
275 1052 311 1119 sd
334 1052 511 1137 πεπτωκός,
542 1058 669 1141 χρυσίον
689 1054 872 1141 ιενσηνσέρια
891 1057 976 1122 ttae
1016 1060 1062 1117 ita
1081 1058 1229 1139 Scylitzes
1250 1068 1281 1117 et

230 1160 294 1199 cas.

207 1161 229 1222 y
257 1226 313 1290 86.
354 1226 405 1285 Ex
427 1227 555 1306 singolis
576 1244 666 1305 porro
686 1226 773 1308 pilis,
792 1229 840 1287 uti
864 1246 955 1309 supra
971 1246 1013 1286 ex
1028 1226 1130 1307 Gylllo
1145 1226 1282 1287 ostendi-

172 1330 260 1387 mus,
289 1310 425 1390 duplices
447 1330 534 1371 arcus
558 1322 722 1371 nascuntur
743 1315 777 1370 in
800 1314 908 1393 templi
927 1311 1120 1373 latitudinem
1141 1316 1283 1391 porrecti,

172 1400 214 1456 ita
227 1406 263 1455 nt
276 1414 382 1455 eornm
395 1398 524 1455 alterum
536 1416 627 1455 cornu
642 1401 835 1478 conquiescat
845 1401 879 1457 in
892 1418 981 1457 muro
990 1401 1177 1457 extrinsecus
1191 1400 1282 1457 obui-

172 1492 255 1541 tente
267 1482 433 1540 maioribus
444 1484 531 1561 pilis,
554 1502 572 1540 a
585 1484 694 1563 quibus
707 1494 849 1564 quattuor
859 1503 946 1544 arcus
958 1487 991 1543 in
1003 1494 1166 1565 utrumque
1178 1486 1282 1563 parie-

173 1570 209 1627 tis
224 1569 308 1626 latus
326 1569 521 1642 emittrmtur,
545 1566 604 1627 duo
619 1567 742 1649 quidem
754 1570 931 1628 inferiorum
944 1572 1039 1627 trium
1053 1570 1191 1627 aularum
1208 1588 1283 1628 con-

173 1654 408 1728 camerationem
425 1655 621 1727 sustinentes,
644 1654 754 1735 reliqui
769 1653 830 1713 dno
846 1658 1036 1735 superiorum
1050 1653 1176 1712 totidem
1194 1656 1284 1713 aula-

172 1758 241 1796 rum
259 1736 443 1812 testudines3
467 1758 594 1819 quarum
610 1740 704 1797 latera
722 1740 910 1818 singularum
925 1743 1036 1820 partim
1051 1738 1227 1798 adnituntur
1241 1739 1283 1798 ad

172 1842 275 1899 arcus,
298 1826 410 1903 partim
425 1822 464 1881 ad
477 1828 622 1903 parietes,
643 1827 753 1904 partim
767 1824 807 1884 ad
820 1826 988 1886 columnas.
1031 1829 1144 1908 quippe
1156 1844 1226 1883 cum
1240 1844 1282 1884 ex

173 1910 285 1968 crebris
310 1918 408 1967 terrae
431 1910 563 1969 motibus
587 1912 638 1968 vel
658 1908 792 1991 pondere
811 1909 1027 1991 hemisphaerii
1050 1913 1131 1990 pilae
1152 1915 1283 1970 maiores

173 2004 316 2075 quattuor
338 1995 524 2070 laborarent,
547 1998 692 2055 exsti-arcti
708 2007 779 2055 sunt
795 2000 876 2056 muri
891 2008 1033 2079 quattuor
1049 1998 1133 2075 longi
1148 1998 1219 2075 plus
1233 2000 1283 2055 ri-

174 2082 253 2158 ginti
272 2078 383 2159 pedes,
406 2080 460 2138 lati
476 2081 547 2160 plus
565 2090 648 2155 octo,
670 2084 703 2139 in
717 2080 911 2141 altitudinem
922 2085 1073 2141 maiorum
1085 2084 1217 2161 pilarum
1231 2101 1284 2141 as-

176 2176 346 2243 surgentes,
368 2165 478 2245 quibus
490 2168 556 2225 vice
569 2160 751 2245 ἐρεισμᾶτοον
765 2178 928 2247 utrumqne
940 2169 1020 2226 latus
1033 2166 1116 2225 aedis
1129 2170 1285 2246 pertinens

178 2248 218 2309 ad
243 2254 476 2330 septentrionem
502 2249 594 2309 etad
617 2248 777 2309 meridiem
800 2252 997 2331 praefulcitnr
1014 2271 1050 2310 ac
1067 2254 1286 2331 praemunitur.

176 2334 326 2395 eiusmodi
339 2337 470 2416 pilarum
483 2354 537 2395 seu
545 2354 703 2414 peccorum
714 2338 766 2395 vel
773 2339 926 2415 pisaurum
939 2338 1118 2396 fulcimenta
1130 2338 1287 2417 παρανίσ-

175 2440 227 2483 σια
251 2432 360 2481 vocant
379 2422 451 2480 libri
460 2422 616 2481 'llesilicon
637 2419 676 2479 ad
696 2422 757 2501 leg.
781 2420 821 2485 14
839 2421 905 2482 cod.
921 2422 960 2481 de
975 2423 1096 2502 Operib.
1109 2424 1199 2481 Publ.
1214 2434 1286 2482 tan-

174 2524 269 2587 quam
282 2501 417 2580 πεσσούς
430 2505 587 2566 adiunctos
598 2504 638 2565 ad
649 2526 751 2567 muros
764 2509 846 2587 ipsos
857 2507 1044 2583 fulciendos,
1068 2527 1128 2589 quo
1139 2508 1207 2568 loco
1219 2510 1286 2567 fru-

174 2602 235 2652 stra
251 2592 392 2651 Cuiaoius
410 2594 441 2649 in
453 2592 606 2651 Peratitlis
620 2588 819 2674 παρσπήσσια
830 2593 996 2673 legendnm
1010 2604 1122 2653 censet.
1167 2613 1203 2653 ea
1221 2594 1286 2653 lul-

176 2680 324 2750 cimenta,
354 2688 389 2735 ut
413 2686 443 2735 et
464 2688 621 2759 quattuor,
644 2696 722 2758 quae
743 2682 783 2737 iis
803 2677 994 2756 adnituntur,
1016 2677 1171 2754 cochleas,
1193 2682 1285 2739 lusti-

175 2766 269 2822 niano
283 2760 426 2821 adscribit
440 2763 611 2822 cedrenus:
634 2763 758 2845 ἐποίησε
771 2760 805 2825 di
817 2764 868 2826 sul
880 2762 954 2839 σοδς
965 2766 1023 2841 ἔξω
1035 2768 1094 2827 τοῦ
1105 2769 1186 2827 ναοδ
1198 2764 1287 2826 κατέ·

175 2870 264 2911 ναντι
285 2852 349 2909 τοῖν
374 2847 431 2910 ἔσω
455 2852 573 2912 πινσεδν
594 2847 741 2931 τέσσαρας
756 2850 895 2929 κοχλίας,
917 2846 973 2922 cde
986 2844 1048 2913 οἷπδ
1061 2853 1119 2931 γῆς
1132 2846 1287 2926 φυτεύσας

176 2933 262 3015 μέχρι
279 2937 341 3035 ’τοῦ
359 2928 487 3017 τροδλον
507 2929 703 3015 ἀνεβίβασεν,
727 2929 1062 3017 δρεισμαιοδσονςτδν
1076 2929 1201 3013 dolam
1212 2958 1287 2996 sus-

175 3038 398 3168 εηασέδιῗνοδδ
417 3106 483 3184 ipsa
503 3100 577 3162 aede
593 3100 747 3183 Sophiane
767 3100 806 3162 ad
823 3100 984 3163 meridiem
1001 3113 1031 3162 et
1048 3105 1287 3185 septentrionem

177 3192 269 3250 binae
285 3200 465 3269 procurrunt
477 3192 609 3270 porticus
623 3188 775 3269 duplices,
793 3190 951 3249 inferiores
966 3190 1082 3249 scilicet
1098 3200 1130 3249 et
1147 3194 1287 3270 superio-

180 3296 245 3351 res,
268 3275 436 3335 secuudum
455 3278 550 3356 ipsius
569 3274 807 3353 longitudinem,
830 3276 978 3335 columnis
998 3279 1175 3335 mannoreis
1196 3295 1287 3356 prae-

180 3360 346 3441 grandibus
359 3364 557 3436 sustentatae,
575 3380 657 3442 ·quae
673 3360 757 3420 aedis
772 3359 925 3420 latitudini
940 3359 1019 3419 nihil
1030 3362 1176 3421 officiunt.
1209 3364 1287 3420 Pro-

181 3449 307 3527 copius:
330 3448 416 3510 στοαδ
437 3446 470 3509 sd
494 3448 569 3509 eluso
591 3445 756 3529 ἑκατέρωθι
779 3439 853 3522 δνό,
875 3446 1053 3528 οἰκοδομίαν
1072 3444 1131 3528 μὲν
1149 3450 1209 3511 τοῦ
1227 3443 1290 3509 vrci

180 3528 329 3613 οδδεμδσν
352 3528 553 3616 διειργόμενον
560 3576 569 3608 ,
593 3527 667 3593 dltd
688 3532 739 3593 sul
763 3535 867 3612 μεῖζον
887 3527 986 3596 usitari
1001 3538 1145 3596 ποιοῦσαι
1161 3533 1219 3595 τοῦ
1237 3528 1290 3594 ss'r'-

179 3614 687 3784 custodiretur?
702 3613 1290 3785 “‘ctistsltus‘ttuse

181 3799 270 3865 sunt,
290 3730 447 3871 {lter-aque
463 3790 653 3869 precantibus
671 3789 743 3848 viris
762 3791 930 3868 assignata,
951 3790 1077 3848 inferior
1092 3808 1220 3867 nempe,
1241 3790 1290 3847 al-

181 3884 261 3949 tera,
294 3894 372 3955 quae
394 3886 424 3934 et
447 3877 598 3955 superior,
628 3876 767 3949 feminis,
794 3874 873 3933 nihil
893 3873 1006 3934 habent
1030 3873 1189 3954 disparile,
1211 3872 1292 3933 nihil

183 3958 355 4019 diversum:
377 3960 430 4023 καὶ
449 3956 556 4034 edente
573 3956 596 4040 ἦ
615 3984 647 4022 τι
666 3955 771 4041 decurri
790 3954 887 4034 δόλος
907 3960 960 4022 aul
976 3956 1120 4041 δχρνσδς
1142 3958 1292 4042 ἔγκαλλιὶ·

183 4065 290 4126 πισμα.
334 4040 459 4109 surisnis
474 4044 507 4109 δὲ
521 4052 589 4109 ταῖν
603 4052 706 4111 cccciv
723 4044 813 4127 δαέρα
826 4043 884 4124 μὲν
895 4041 969 4118 rode
980 4040 1096 4124 ἄνδρας
1110 4039 1293 4127 εὐχομένους

186 4125 437 4213 διανειλήρωται,
459 4130 577 4213 γυναιξὶ
601 4130 634 4192 δὲ
654 4127 748 4195 rodco*
769 4129 968 4209 ποιουμέναις
981 4128 1090 4211 ofilio
1104 4125 1223 4194 cirritos
1234 4142 1293 4190 etc.

184 4219 354 4297 porticuum
373 4218 498 4275 istarum
521 4216 698 4276 inferiorum
717 4219 836 4297 pluteos
858 4217 922 4297 (ita
940 4218 1023 4275 enim
1043 4218 1176 4298 appellat
1189 4220 1292 4278 Vitru-

184 4305 251 4361 vius
274 4301 294 4366 b
327 4309 343 4368 l
374 4306 563 4384 superiorum
587 4304 625 4362 ab
644 4304 842 4366 inferioribus
860 4302 1009 4367 columnis
1027 4301 1211 4386 intersepta)
1239 4322 1292 4363 su·
