3017 4817
247 286 322 365 12ss
682 288 745 361 DU
769 286 910 360 GANGH

154 410 160 427 Ι
244 448 1237 535 curopatusustaolrnnbadeaumtcpsuscrsterrslihmstn'giuto.
1259 448 1354 515 lent-

244 562 305 625 que
322 542 355 602 S.
369 542 541 620 Remigius,
561 542 595 599 iu
608 550 789 601 testamento
804 560 875 617 suo,
897 536 979 619 apud
992 536 1124 598 eundem
1136 543 1312 620 scriptorem
1327 542 1351 605 1

246 628 305 691 18:
326 626 383 685 ribi
395 626 518 685 Maedi
534 646 618 685 meae
635 627 776 686 eoeteetae
793 644 890 705 supra
910 634 1090 684 mmsoratas
1106 624 1193 684 iubeo
1215 617 1365 683 mnae&

244 712 325 784 lum,
353 722 383 770 et
401 714 604 793 imaginatum
619 713 745 771 calicem
756 711 925 792 statuant.
968 712 1003 769 in
1021 708 1071 769 his
1088 729 1177 791 porro
1196 711 1352 774 tuniculis

246 816 364 858 sacram
377 796 588 857 eucharistiam
605 796 645 856 ad
663 798 867 858 infirmos‘seu
882 796 929 855 ad
937 797 1082 855 unacum
1099 797 1207 875 reponi
1227 796 1351 855 solitam

246 880 357 943 merce
378 880 465 944 docet
477 884 639 963 Gregorius
651 885 840 943 Turonensis
857 881 896 941 de
910 882 1015 941 Gloria
1026 883 1115 940 staro
1132 882 1150 944 1
1172 884 1231 945 86:
1259 900 1352 939 acee-

240 978 358 1048 pthus
373 979 454 1027 terrra
468 970 627 1041 diaconatu,
648 970 682 1027 in
698 989 761 1049 quc
774 970 946 1049 mysters'um
958 966 1103 1025 domum
1112 967 1244 1043 corporis
1253 964 1351 1025 hobe-

245 1052 349 1126 butur,
369 1054 457 1133 serre
478 1056 574 1132 coepit
595 1052 640 1112 ad
661 1056 784 1127 οειίιιιιις
813 1056 1025 1133 ingressusque
1040 1050 1202 1129 templum,
1225 1061 1262 1108 ut
1280 1070 1351 1109 sarrs

243 1138 338 1198 altori
349 1149 570 1218 superponeret,
593 1138 697 1217 elapso
710 1138 748 1197 de
761 1158 857 1197 mnas
870 1136 1100 1217 eiusssrebatnr
1114 1138 1148 1193 irs
1158 1136 1243 1193 airu.
1266 1147 1351 1194 tam-

246 1227 303 1283 etsi
317 1222 446 1284 dubitari
462 1234 561 1305 potest
577 1242 615 1282 au
632 1225 722 1284 turris
740 1242 816 1283 voce
834 1224 1020 1301 ‘urtelligatur
1032 1220 1081 1281 his
1097 1222 1172 1281 locis
1185 1221 1275 1281 turris
1293 1221 1352 1279 illa

246 1310 368 1385 ciborii,
399 1328 476 1392 quae
490 1329 507 1369 a
520 1309 658 1369 columba
669 1307 838 1389 pendebat,
868 1326 909 1367 an
924 1327 995 1367 rero
1010 1308 1102 1389 pyxis
1116 1308 1184 1386 ipsa
1196 1324 1251 1365 seu
1265 1304 1351 1364 cibo-

245 1396 340 1466 rium,
362 1393 444 1475 quod
455 1396 644 1453 iuuentam
656 1405 744 1453 vocat
758 1392 833 1453 ordo
846 1394 1010 1453 Romanus.
1052 1410 1127 1451 nam
1139 1394 1172 1449 in
1185 1392 1348 1467 tuniculis,

245 1498 302 1539 seu
315 1484 416 1559 potius
431 1482 540 1539 arculis
555 1482 588 1539 in
602 1476 728 1539 modum
740 1480 952 1538 tunicularum
966 1477 1091 1551 affictis,
1112 1495 1175 1535 noa
1188 1473 1281 1535 modo
1296 1495 1350 1537 sa-

247 1584 330 1623 cram
345 1564 558 1625 eucharistiam
576 1563 675 1625 sedet
689 1574 807 1625 sanctas
821 1566 965 1646 reliquias
980 1559 1148 1622 reconditas
1160 1571 1291 1635 constat,
1312 1570 1350 1621 ut
1436 1598 1443 1612 ·

245 1652 396 1710 maiorum
409 1651 598 1726 ciboriorum,
620 1652 652 1709 in
667 1651 777 1731 quibus
791 1647 894 1709 diviua
908 1644 1059 1729 pendebat
1074 1644 1262 1722 eucharistia,
1282 1646 1350 1705 for-

245 1752 330 1795 mam
350 1733 574 1817 quodammodo
595 1735 757 1809 referrent3
793 1731 876 1793 unde
899 1734 1086 1794 Glossarium
1104 1733 1158 1791 Gr.
1181 1734 1249 1790 bat.
1269 1754 1350 1811 reuo-

242 1814 403 1905 yssschsos
419 1830 451 1880 et
465 1821 630 1899 nooyicacs
645 1817 827 1877 {ruriculam
840 1830 870 1879 et
882 1822 1050 1877 mnrium
1063 1819 1162 1877 vertit.
1206 1826 1286 1875 carte
1309 1814 1349 1875 de

243 1906 382 1985 reliquiis
403 1906 436 1965 in
457 1906 608 1963 turriculis
629 1904 791 1964 reconditis
809 1914 936 1964 testatur
947 1906 1010 1963 Leo
1026 1905 1126 1965 GM
1146 1903 1187 1968 58
1212 1901 1285 1963 013
1306 1904 1348 1965 30

243 1999 276 2048 et
290 1992 397 2049 Petrus
411 1990 496 2049 Diac.
511 1990 531 2052 4
552 1993 605 2053 73.
649 1988 688 2048 de
704 2008 789 2049 sacra
799 2008 871 2049 raro
884 1987 1064 2049 eucharistia
1080 1989 1112 2046 iu
1122 1986 1274 2045 turriculis
1290 2005 1350 2044 au·

242 2076 303 2135 reis
322 2075 373 2134 rel
397 2076 545 2154 argenteis
566 2085 718 2134 asservata
740 2073 927 2150 laudandus,
959 2078 1013 2155 qui
1031 2077 1066 2131 in
1085 2072 1220 2130 ecclesiis
1237 2072 1348 2130 nostris

214 2210 216 2217 ,
242 2157 344 2219 adhuc
363 2170 492 2239 perstat,
522 2179 589 2220 mos
607 2160 726 2239 insigne
747 2160 872 2240 praebat
889 2160 1114 2233 testimonium,
1142 2157 1175 2215 ia
1194 2155 1303 2238 quibus
1315 2157 1348 2213 in

243 2247 464 2306 solennioribus
487 2246 573 2305 festis
594 2248 708 2325 populo
726 2244 889 2325 spectanda
903 2255 934 2304 et
948 2240 1100 2304 adorantia
1113 2242 1147 2299 in
1161 2241 1200 2300 iis
1217 2242 1350 2320 exponi·

243 2340 302 2406 tur,
317 2334 350 2390 in
363 2329 483 2390 editiori
499 2332 600 2391 altaris
616 2350 671 2389 seu
683 2330 963 2390 tabernaculi-loco:
985 2327 1084 2389 sedin
1096 2328 1159 2385 illis
1172 2327 1349 2407 praesertim

243 2419 336 2475 sacris
355 2415 502 2495 aedibus,
519 2418 552 2474 in
570 2416 679 2496 quibus
694 2434 757 2475 nou
773 2416 828 2476 sub
846 2416 986 2474 columba
1002 2424 1054 2472 aut
1066 2433 1085 2471 a
1098 2414 1245 2491 superiori
1257 2411 1348 2470 cibo-

115 2510 118 2518 '
243 2503 282 2559 rii
299 2510 383 2580 parte
396 2499 527 2580 pendet:
557 2518 629 2557 uam
645 2501 677 2557 in
694 2502 732 2559 ils
752 2519 903 2581 nusquam
917 2500 976 2560 alio
990 2516 1074 2558 sacra
1087 2494 1267 2556 eucharistia
1278 2497 1350 2556 loco

243 2584 407 2664 spectanda
417 2588 586 2665 exponitur.
611 2586 705 2643 moris
717 2588 830 2665 quippe
841 2586 927 2644 istius
942 2581 1159 2643 hodierniiude
1166 2583 1251 2661 origo
1257 2579 1350 2639 ride·

244 2680 295 2728 tur
309 2680 443 2749 sumpta,
468 2678 502 2728 ut
516 2679 546 2727 et
560 2688 643 2729 sacra
657 2668 837 2729 eucharistia
851 2680 881 2729 et
895 2687 968 2729 rasa
985 2672 1051 2748 ipsa
1063 2668 1096 2726 iu
1112 2668 1220 2748 quibus
1238 2684 1349 2724 rocon-⁴

245 2752 327 2813 ditur
348 2757 382 2813 iu
404 2756 477 2815 tutis
497 2755 571 2815 locis
590 2765 793 2829 asserventur,
826 2773 866 2813 ne
884 2755 972 2813 furtis
994 2764 1128 2833 pateant.
1168 2750 1251 2811 unde
1263 2747 1350 2832 quod

189 2872 191 2875 ·
244 2841 334 2899 certis
352 2840 457 2899 diebus
473 2848 658 2899 nsonetrntur
669 2838 809 2900 fidelibus
824 2859 908 2900 sacra
924 2842 957 2898 in
975 2840 1014 2897 iis
1035 2846 1186 2898 mereata
1207 2834 1352 2895 encheri-

245 2926 319 3000 stia,
350 2924 498 2985 eiusmodi
520 2945 603 2985 sacra
626 2944 698 2984 vasa
719 2928 882 2984 oeuncotr'a
904 2935 935 2984 et
953 2925 1168 2982 monstrositas
1181 2924 1349 2981 etiamnum

244 3012 445 3090 appellantur,
463 3014 639 3092 praesertim
649 3013 682 3069 iu
695 3011 856 3070 Germania
867 3021 898 3070 et
910 3010 1015 3089 Belgio
1024 3028 1033 3084 ς
1055 3008 1165 3089 quibus
1174 3009 1207 3065 in
1221 3008 1351 3086 proriu-

244 3098 299 3155 ciis
312 3098 344 3155 in
357 3098 446 3156 turris
464 3101 595 3176 speciem
610 3114 729 3176 semper
746 3096 845 3155 efficta
857 3105 938 3170 suut,
958 3105 993 3153 ut
1008 3094 1082 3152 olim
1097 3094 1130 3151 in
1145 3094 1273 3151 Francia
1286 3110 1347 3151 no-

243 3190 321 3255 stra3
352 3180 389 3241 de
404 3201 464 3264 quo
476 3200 561 3241 more
576 3184 637 3261 egit
650 3184 821 3261 Gropperus
833 3183 866 3240 in
883 3181 969 3239 libris
989 3177 1027 3238 de
1042 3176 1221 3237 eucharistia
1235 3196 1266 3255 p.
1281 3176 1348 3243 460

135 3262 159 3318 Ρ
175 3261 227 3320 57⁵
244 3275 275 3324 et
286 3268 396 3325 Fronto
409 3267 547 3327 llucaeus
560 3266 599 3325 ad
610 3268 773 3326 Paulinum
785 3286 817 3347 p.
831 3266 894 3331 785
910 3268 984 3346 quin
1000 3275 1030 3324 et
1043 3261 1115 3322 inde
1129 3262 1290 3335 tuniculis,
1311 3263 1348 3318 in

242 3351 353 3433 quibus
369 3370 470 3411 sacrae
484 3352 630 3434 reliquiae
643 3350 854 3426 reconduntur,
868 3348 901 3409 id
913 3352 1044 3410 nominis
1056 3350 1162 3408 tribuit
1175 3346 1345 3407 chronicon

241 3436 339 3498 Anlae
356 3438 468 3516 Regiae
483 3456 508 3496 c.
528 3442 566 3502 17
580 3448 610 3496 et
623 3447 724 3496 auctor
739 3434 904 3496 Bohemiae
919 3439 1003 3511 Piae,
1024 3455 1056 3515 p·
1072 3437 1113 3499 99
1125 3445 1156 3493 et
1171 3432 1242 3498 105.

326 3524 379 3587 68.
422 3524 564 3581 Diximus
577 3524 610 3582 in
623 3524 775 3582 terriculis
790 3525 823 3581 in
839 3524 942 3582 ciborii
954 3522 1076 3582 maioris
1090 3520 1222 3601 speciem
1235 3514 1345 3575 affictis

241 3604 365 3667 recondi
378 3606 526 3688 pyxides,
549 3626 626 3688 quae
640 3626 740 3667 sacras
758 3606 956 3667 eucharistiae
969 3606 1131 3688 particulas
1149 3602 1344 3662 adriaticum

241 3703 407 3752 asservatas
421 3694 623 3753 continebant.
653 3694 792 3753 observat
803 3696 915 3775 quippe
927 3695 1076 3751 Honorius
1085 3686 1345 3769 Augustodunen-

240 3778 283 3838 sis
298 3776 337 3837 da
351 3782 474 3859 antiquo
489 3782 559 3839 Ritu
572 3780 681 3837 hiissae
697 3784 711 3842 1
731 3778 788 3843 64:
809 3778 943 3837 oblatum
955 3798 1017 3835 non
1030 3780 1180 3855 integrum
1191 3783 1346 3852 sumptam

239 3864 316 3922 clim
329 3882 345 3921 a
359 3864 514 3924 sacerdote
528 3884 611 3924 sacru
624 3864 764 3939 faciente,
787 3864 842 3923 sed
852 3867 886 3921 s'n
899 3866 959 3921 ἰνία
971 3864 1114 3933 diruam,
1136 3879 1232 3918 nnrsm
1242 3862 1277 3916 irs
1288 3876 1344 3915 ca-

238 3946 327 4005 licem
346 3952 485 4021 mreszsm,
505 3950 597 4008 aliud
615 3970 636 4007 a
656 3950 808 4007 aucenlote
821 3959 1043 4026 consumptum,
1065 3948 1185 4005 ter-tirsus
1201 3945 1235 4002 s'rs
1248 3944 1344 4022 pysi-

240 4032 309 4089 dem
324 4036 476 4093 nsorituris
486 4036 685 4094 adriaticum
698 4038 871 4112 repositum.
903 4035 994 4114 pyxis
1006 4034 1070 4107 illa,
1091 4032 1142 4089 vel
1156 4040 1236 4088 certe
1249 4029 1343 4086 turri-

241 4117 308 4174 cula
324 4136 392 4176 cum
406 4122 471 4199 ipsa
488 4118 621 4200 pyxide,
652 4117 797 4177 ciborium
814 4122 914 4177 usim
927 4129 957 4177 et
969 4118 1160 4175 str’nararium
1173 4114 1345 4194 appellatur

239 4202 273 4259 iu
284 4200 387 4260 ordine
396 4206 540 4278 linusano,
564 4224 630 4283 cap.
644 4202 727 4285 quod
741 4205 913 4264 inscribitur
922 4204 1077 4284 praefatio
1089 4204 1214 4260 nunctis
1227 4198 1278 4259 cel
1289 4198 1342 4254 ic·-

240 4289 354 4346 aeaut
366 4286 479 4349 ciborii.
504 4293 617 4350 lemma
629 4292 768 4373 sequitur
778 4289 855 4351 haec
866 4294 977 4352 oratio:
999 4308 1131 4363 oremus,
1142 4284 1341 4355 mm,
