3017 4817
463 286 662 356 mauors
684 285 946 356 ιοιοιιιιι
1029 259 1046 272 ”
1207 285 1258 360 οι

151 473 208 516 vos
230 462 317 514 tanta
335 453 447 514 virtute
469 455 625 556 animique
643 455 811 514 constantia
829 451 957 530 devicit,
978 463 1013 512 ιιι
1030 453 1117 534 gravi
1133 453 1259 514 vulnera

152 551 291 620 eccepto,
312 540 380 620 ipso
402 540 567 619 speciosior
584 542 730 619 aanguim
753 550 784 599 et
802 543 869 621 ipso
889 539 1025 621 periculo
1045 541 1142 598 factus
1161 558 1258 618 augu-

153 628 244 701 atior,
275 623 412 685 hortium
436 635 522 704 terga
549 625 724 706 praecidere
751 645 935 731 nunquam
939 623 1096 686 destiterit.
1139 626 1258 697 Quane.

152 728 247 792 quem
266 711 380 770 latebat
401 713 503 770 Nonni
530 709 593 792 (46
613 709 678 792 56)
704 704 852 790 Ῥῆνος’
831 705 1019 792 οσημᾶνιοιο
1039 704 1261 790 θεμιστοπόλοι

151 801 287 862 tornaio
302 807 332 856 et
347 815 425 877 quae
439 797 591 856 Gemerue
605 799 705 858 attulit
716 796 757 856 ad
771 795 927 858 Claudiam
943 797 1043 856 Rufin
1056 800 1079 860 2
1102 799 1174 859 112.

239 881 292 947 61
334 883 511 942 Erasmm
497 903 532 940 m
546 880 726 988 Adagiisp
718 885 815 948 862.
853 877 934 989 τύχη
955 878 1113 962 Εὔριπος,
1136 891 1167 942 et
1184 879 1259 942 Piu-

152 963 245 1028 ἅλω
262 966 357 1047 Pytb·
376 971 413 1032 8.
437 960 576 1048 didoed'
590 961 694 1042 crisie
706 963 826 1048 μικρὸν
840 961 965 1052 dvdpoiv
979 965 1102 1050 ἔρχεται.

239 1052 293 1118 68.
336 1051 449 1112 confer.
463 1051 613 1112 Heraens.
630 1074 662 1111 ι.
673 1053 736 1118 848
752 1064 782 1112 et
796 1072 859 1132 req.

239 1140 292 1201 60.
335 1135 469 1198 codex
458 1159 492 1196 ιιι
519 1138 657 1235 margine
678 1135 772 1196 habet
792 1135 909 1212 πάντας
931 1134 1101 1218 [eddam.
1144 1135 1261 1196 inutilis

151 1219 344 1283 emendatio·
364 1241 437 1280 nam
450 1240 514 1280 vox
524 1244 642 1296 πανιος
654 1225 777 1302 respicit
789 1221 828 1281 ad
841 1217 961 1300 φύσεις.
1004 1219 1042 1280 de
1060 1223 1207 1282 sermonis
1229 1222 1262 1280 ri

150 1305 194 1366 ad
221 1326 270 1367 res
298 1325 493 1389 quascunque
522 1305 714 1380 exornandas
740 1305 969 1368 accommodata
993 1319 1096 1369 noster
1115 1309 1208 1368 etiam
1229 1307 1263 1366 in

151 1391 301 1453 Abarim
314 1414 345 1453 ν.
362 1394 423 1456 169
438 1402 540 1472 eteeq.
635 1384 645 1406 ‘

238 1474 292 1541 64.
334 1475 431 1554 ludit,
452 1488 487 1536 ut
507 1487 607 1557 patet,
630 1478 666 1537 in
684 1476 777 1538 verbo
797 1468 944 1562 γράφειν,
967 1473 1050 1558 quod
1067 1497 1165 1560 aeque
1185 1477 1261 1538 sori-

152 1561 226 1622 bere
241 1581 278 1620 ιο
290 1564 417 1643 pingere
431 1563 593 1643 significat.

238 1650 291 1712 66.
335 1659 455 1726 sumpta
467 1651 625 1708 occasione
636 1648 674 1707 ab
688 1647 879 1729 eloquentiae
893 1647 1048 1723 facultate,
1070 1666 1164 1729 quam
1178 1643 1216 1706 da
1229 1668 1262 1708 re

154 1750 335 1813 quaeamque
353 1731 464 1792 diserte
478 1743 510 1792 et
526 1737 670 1795 concinne
683 1753 773 1812 posse
789 1732 889 1792 dicere
904 1743 984 1793 recte
999 1692 1148 1808 debererit,
1172 1734 1214 1792 ita
1228 1734 1262 1792 iu

152 1816 263 1878 laudes
276 1821 402 1878 Homeri
417 1821 565 1894 excurrit,
589 1829 624 1877 ut
638 1837 709 1876 eum
722 1821 823 1896 potius
839 1829 941 1898 carpat
954 1839 990 1878 eo
1008 1821 1079 1899 quia
1093 1837 1182 1878 verne
1198 1819 1262 1878 rir-

153 1905 244 1979 tutis,
265 1905 366 1985 qualis
378 1901 505 1962 heroem
519 1900 621 1978 decet,
643 1922 705 1962 non
716 1900 856 1962 hebuerit
871 1905 1087 1983 coguitionem,
1111 1899 1263 1985 siquidem

152 2007 224 2047 eam
236 2007 330 2068 quam
342 1991 408 2069 ipse
422 1991 572 2048 Homerus
584 1985 708 2048 exhibet
722 1985 824 2048 herois
837 1992 1020 2068 imaginem,
1041 2001 1190 2069 tauquam
1202 1990 1265 2046 mi·

152 2092 212 2132 uus
229 2083 332 2152 aptam
346 2075 485 2133 Heraclio
500 2072 752 2154 repraesentando
766 2077 891 2153 respuit,
911 2085 941 2134 et
954 2093 1032 2155 quae
1046 2076 1085 2133 sit
1098 2077 1187 2137 unica
1199 2076 1264 2132 rir-

153 2168 206 2218 tus
229 2179 307 2241 quae
326 2161 428 2219 ι1ιιιιιι
448 2160 541 2220 iaciat
562 2161 727 2235 illusuem,
755 2178 894 2241 quaeque
913 2163 946 2218 iu
968 2159 1107 2220 Heraclio
1127 2161 1264 2218 maxime

154 2246 264 2303 enituit
271 2245 439 2325 ,exponit
483 2257 515 2305 at
535 2243 573 2303 de
595 2247 722 2304 Homeri
743 2243 886 2306 laudibus
910 2243 985 2327 quid
1004 2255 1122 2324 oportet
1140 2242 1264 2304 dicere'l

155 2327 269 2389 rideris
284 2332 465 2410 Dionysium
480 2331 745 2390 Halioamaaeeum
757 2331 795 2389 de
809 2350 940 2410 compos.
955 2329 1037 2391 verb.
1055 2341 1125 2388 tom.
1135 2333 1156 2393 2
1164 2351 1201 2409 p
1194 2329 1266 2404 61,

155 2416 211 2520 qui
231 2419 397 2475 Homerum
418 2417 538 2476 vocavit
553 2439 697 2518 κοριφην
714 2411 861 2480 dedecor
874 2409 1078 2492 scelerosis,
1100 2415 1131 2489 ἐξ
1148 2409 1266 2488 ο6ιιοις

153 2495 270 2577 πάντες
281 2500 413 2584 ποταμοὶ
423 2501 476 2564 καὶ
488 2506 572 2566 ιιοιι
583 2497 726 2564 θάλασσα
738 2501 792 2564 ιιοιι
804 2506 900 2566 πᾶσαι
914 2506 1033 2582 κρῆναι.
1078 2502 1195 2560 celebre
1209 2519 1266 2560 au-

154 2596 220 2644 tem
238 2599 283 2646 est
301 2572 401 2648 οι1611
415 2589 549 2666 elogium
562 2587 674 2647 Amor.
690 2592 712 2652 2
733 2590 754 2650 9
773 2587 833 2663 25,
855 2587 937 2671 quod
959 2607 1030 2648 cum
1050 2585 1172 2646 Pisidae
1195 2587 1267 2644 lau-

156 2668 245 2730 dibus
262 2671 438 2730 concordat.
465 2673 566 2728 adir'ce
585 2671 783 2742 Maeoniden,
804 2690 826 2728 a
849 2689 922 2749 quc,
944 2691 998 2728 ceu
1014 2672 1107 2750 form
1125 2673 1267 2749 perenni,

155 2766 263 2814 vatam
279 2758 389 2815 Pieriis
404 2776 459 2815 ora
470 2758 612 2835 rigantur
623 2755 722 2834 aquis.

243 2843 296 2904 68.
337 2843 483 2900 iuvenum
501 2851 621 2904 mentes
642 2859 684 2900 ex
704 2839 830 2898 Homeri
852 2836 982 2898 lectione
1004 2839 1046 2896 ali
1062 2849 1092 2898 et
1108 2837 1267 2899 fecundari

156 2923 280 3002 dicens,
302 2928 367 2986 eiua
386 2933 527 3006 poemata
548 2927 640 2984 etiam
653 2922 855 2982 christianis
846 2943 879 2981 ιιι
893 2921 1010 3001 deliciis
1021 2925 1136 3002 fuisse,
1155 2926 1189 2982 ni
1204 2925 1267 2984 lal-

155 3011 220 3088 lor,
243 3009 438 3074 demonstrat.

242 3102 295 3162 70.
338 3099 468 3159 Galaton
486 3099 601 3178 pictor,
632 3095 761 3157 Aeliano
786 3095 1037 3158 Var.Hur.13
1065 3097 1108 3160 22
1133 3103 1265 3170 auctore,

156 3184 326 3242 Homerum
355 3187 590 3263 repraesentavit
617 3183 764 3262 ἒμοιιιο,
793 3177 865 3254 roric
889 3179 922 3244 dl
944 3177 1055 3254 illicce
1075 3174 1203 3259 ποιητιῖς
1227 3175 1266 3244 sd

156 3267 349 3349 ιμημωμένα
363 3264 566 3350 docoplvocc,
587 3288 681 3350 quam
693 3269 842 3346 picturam
856 3267 982 3326 forsan·
973 3268 1073 3324 innuit
1087 3275 1201 3325 noster.

243 3358 297 3417 72.
340 3357 506 3414 Homerum
520 3375 583 3414 uon
594 3353 736 3413 habuisse
750 3353 917 3433 perfectam
929 3354 1048 3412 virtutis
1062 3355 1267 3430 coguitIonem

157 3436 279 3498 videtur
297 3437 447 3500 adserere.
488 3442 592 3520 ipsum
612 3443 738 3498 virtutes
757 3459 819 3498 non
838 3442 946 3517 seiung
927 3436 1039 3497 crcurlus
1056 3438 1168 3513 διιιοῖς
1180 3439 1267 3520 pepl-
1302 3487 1303 3490 η

159 3526 222 3597 ζειν
239 3547 302 3586 ιιοιι
317 3520 416 3607 λόγων
432 3521 568 3605 νοήμασι
589 3545 625 3584 aa
646 3523 685 3584 de
704 3544 794 3584 causa
814 3527 921 3632 opinor
940 3523 1031 3600 61ο1ι,
1055 3525 1106 3582 vel
1125 3525 1211 3604 quia,
1232 3533 1267 3580 ut

157 3607 409 3670 Plutarchusls'b.
423 3611 545 3670 ιιιοιιιῖ.
556 3611 639 3690 poet.
656 3615 714 3686 ait,
737 3606 789 3672 ded
812 3608 867 3691 μὲν
888 3604 1014 3682 Ἰλιάδος
1034 3601 1178 3690 drdqelcv
1205 3603 1269 3669 σοι’-

157 3718 271 3795 purae,
293 3691 345 3758 ded
366 3693 401 3759 di
419 3701 476 3776 τῆς
491 3691 667 3770 Ὀδυσσείας
682 3701 786 3776 ψυχῆς
802 3693 999 3779 γενναιότητα
1012 3695 1159 3776 παριστᾷ,
1182 3702 1212 3750 et
1226 3693 1269 3750 sio

159 3781 303 3839 virtutem
323 3784 452 3842 activam
464 3801 483 3842 a
495 3782 726 3861 contemplativa
739 3779 899 3861 disiungit3
922 3781 972 3839 vel
987 3781 1057 3859 quia
1071 3778 1173 3837 omnia
1189 3793 1267 3858 quae

158 3862 253 3924 tradit
266 3869 417 3928 Homerus
431 3888 493 3927 ιιοιι
503 3879 568 3928 tam
580 3865 620 3925 ad
630 3864 801 3946 mythicum
813 3887 947 3940 sensum,
962 3883 1054 3946 quem
1065 3863 1165 3922 statim
1177 3881 1267 3942 prae-

156 3949 278 4027 ferunt,
306 3972 401 4034 quam
423 3952 463 4013 ad
485 3951 619 4012 ethicum
639 3955 722 4012 intus
744 3953 890 4011 latentem
912 3953 972 4010 siut
995 3945 1214 4028 expendenda,
1235 3957 1270 4008 ut

156 4032 246 4096 idem
263 3995 445 4098 Plutarchus
463 4038 538 4096 ibid.
561 4049 592 4097 et
608 4041 762 4098 Maximus
776 4035 895 4118 Tyrius
899 4037 1030 4095 Dissert.
1048 4038 1087 4098 16
1103 4034 1271 4092 luculenter

157 4121 303 4202 probant.
324 4123 381 4182 red
391 4126 489 4202 primo
503 4124 593 4182 nobis
604 4127 704 4203 magis
719 4121 838 4183 adridet
849 4125 998 4184 sententia
1012 4129 1106 4201 quam
1117 4121 1271 4179 Maximae

156 4207 331 4268 confirmat.
375 4209 514 4290 quamvis
534 4210 618 4268 enim
632 4211 687 4268 ille
703 4213 871 4269 Homerum
886 4225 1077 4286 summopere
1091 4205 1272 4288 suspexerit,

158 4290 241 4352 illud
261 4303 366 4354 tamen
384 4291 504 4354 ridetur
521 4291 684 4354 concedere
701 4294 785 4375 quod
799 4292 903 4356 Pisida
919 4289 1140 4373 reprehendit,
1150 4292 1272 4354 nullum
