3017 4817
433 287 489 354 tu
513 283 791 352 NIGEPHORUM
814 283 969 352 Notas.
1179 284 1251 356 123

140 453 201 513 nis
218 463 281 512 tam
295 447 414 512 turbida
428 446 626 529 descriptione
639 446 749 529 liquidi
761 457 913 529 uteunque
926 445 1043 528 aliquid
1057 450 1252 530 exprimatur,

140 557 299 618 magnam
321 539 375 597 ille
389 537 565 615 Bulgariam
588 533 627 594 ad
642 531 801 594 Maeotidis
824 533 950 613 paludes
975 536 1017 593 ais
1038 536 1158 594 Tanain
1179 557 1253 597 oon-

141 627 268 700 stituit,
294 623 347 682 ubi
366 625 491 702 Iazyges
514 632 544 679 et
563 621 714 680 Roxolani
736 621 848 700 aliique
871 617 1002 699 Scythae
1024 620 1178 700 quondam
1202 624 1253 682 rel

140 709 329 784 Sarmatae,
349 727 431 766 nune
444 704 648 766 Moschovitae
664 707 715 764 vel
729 707 860 763 minores
878 705 1000 764 Tartari
1013 710 1189 787 nuncupati.

239 814 271 873 p.
287 797 328 858 38
342 812 374 852 v.
389 794 440 856 15.
461 787 611 866 Βασιανᾶς
626 786 713 870 υἱός]
737 792 820 848 varie
837 787 929 849 huius
948 809 1061 850 namen
1077 795 1254 872 concipitur,

140 887 183 938 ut
204 889 235 938 et
245 880 355 958 patris,
383 880 436 958 qui
452 877 595 937 (imbutus
611 895 629 936 a
642 873 832 956 Theophane
848 873 973 951 dieitur,
1002 875 1082 937 filins
1096 897 1167 938 vero
1180 882 1256 939 But-

142 965 263 1044 guigun
277 964 328 1022 vel
342 964 499 1042 Batgaion.

239 1046 281 1106 ib.
307 1065 337 1105 v.
351 1049 403 1112 23.
446 1041 499 1110 τάν
521 1041 681 1128 Δᾶναπριν
701 1043 754 1106 soi
776 1039 968 1125 Δᾶναστριν]
997 1043 1149 1108 cedrenus
1169 1049 1203 1106 in
1224 1069 1255 1108 a.

144 1132 339 1212 copronymi
351 1136 392 1196 23
407 1131 514 1191 fluvios
529 1132 599 1190 illos
611 1131 796 1189 coniunctim
807 1133 954 1206 nominat,
968 1131 1151 1208 Danubium,
1166 1127 1256 1195 Κού-

146 1240 240 1298 φην,
260 1217 421 1276 Danastrin
441 1227 471 1276 et
491 1216 657 1296 Danaprin.
702 1211 836 1294 Κούφην
853 1218 1016 1275 uerisimile
1030 1216 1255 1297 estCophinem

145 1321 241 1378 ease,
263 1301 301 1361 de
317 1321 377 1382 quo
392 1303 482 1381 paulo
499 1312 597 1360 antea.
638 1297 803 1358 lornandes
825 1297 863 1357 de
884 1299 972 1358 rebus
990 1303 1102 1361 Getieis
1115 1303 1255 1382 Scythia,

143 1388 269 1468 inquit,
296 1385 465 1446 Germanae
480 1395 577 1444 terrae
590 1385 715 1459 confinis
730 1404 763 1442 eo
777 1394 863 1442 umas
876 1382 930 1441 ubi
942 1385 1020 1443 Istat
1033 1389 1128 1444 oritur
1140 1391 1255 1462 amna,

144 1472 206 1533 val
216 1483 359 1552 stagnum
371 1470 519 1530 dilatatur
531 1471 724 1548 Mysanum,
750 1469 872 1527 undeno
886 1490 981 1549 unqua
994 1471 1178 1548 adflumina
1194 1477 1256 1553 Ty-

146 1577 223 1616 ram
241 1558 433 1615 Danastmm
458 1566 485 1614 et
509 1553 693 1636 Vagosolam
718 1575 924 1634 nugarumque
945 1555 1035 1614 illum
1054 1558 1251 1636 Danaprum.

145 1643 245 1723 paulo
257 1651 341 1722 post:
369 1652 455 1700 antea
471 1661 553 1713 vero,
575 1642 629 1721 qui
647 1649 719 1698 sunt
733 1660 834 1698 eorum
842 1639 1009 1719 fortissimi
1022 1645 1076 1722 qui
1089 1644 1134 1701 ad
1145 1647 1255 1702 Ponti·

148 1748 225 1786 cum
244 1748 328 1786 mare
344 1737 523 1798 curvantur,
543 1747 565 1784 a
576 1726 732 1784 Danastra
752 1725 951 1784 manduntur
972 1747 1067 1806 usque
1085 1729 1131 1786 ad
1140 1730 1255 1788 Dana-

144 1833 258 1892 prum5
279 1833 356 1892 quae
361 1813 500 1890 flumina
515 1811 617 1869 multus
630 1809 837 1868 mutuamus
853 1810 894 1868 ab
904 1813 1033 1893 inruens
1045 1811 1166 1872 absunt.
1193 1818 1256 1874 iam

148 1899 320 1957 Danastrue
336 1897 373 1957 ab
391 1897 498 1958 ineolis
514 1893 716 1977 Borysthenes
736 1895 863 1972 dieitur,
894 1907 929 1954 nt
949 1896 1034 1956 idem
1050 1908 1193 1975 testatur,
1226 1909 1257 1958 et

148 1981 246 2042 hodie
259 1984 395 2061 Dnieper
416 1982 602 2062 appellatur,
632 2000 764 2060 quocum
778 1982 854 2040 falso
871 1999 888 2039 a
905 1979 1084 2064 quibusdem
1097 1985 1256 2064 Danaprus

149 2067 364 2143 confunditur,
395 2069 474 2125 inter
492 2085 583 2148 quem
600 2075 630 2123 et
640 2070 751 2124 Istrum
764 2069 928 2126 Dauastrus
946 2079 1007 2142 est,
1029 2080 1063 2127 ut
1077 2072 1256 2130 Ammianus

148 2152 256 2232 prodit
268 2154 291 2211 l.
305 2155 365 2226 313
386 2149 420 2210 id
434 2151 516 2234 quod
532 2161 601 2209 ante
613 2170 668 2210 nos
682 2152 812 2211 Ortelius
826 2152 1006 2213 observavit.
1049 2153 1103 2212 sed
1116 2152 1258 2236 quisnam

148 2239 320 2296 Danastrus
340 2238 394 2296 ille
415 2239 455 2296 sit
474 2235 610 2296 nondum
623 2236 729 2317 liquet.
771 2238 897 2296 forsitan
916 2237 1000 2297 idem
1018 2249 1064 2299 est
1085 2260 1155 2299 oum
1172 2243 1257 2321 Tyra

150 2324 259 2398 fluvio,
282 2319 396 2403 cophin
408 2341 480 2384 vero
495 2341 564 2382 oum
575 2325 699 2397 Axiaoe,
720 2323 772 2381 rel
785 2332 899 2381 eontra.

239 2429 271 2488 p·
288 2409 329 2474 39
344 2428 373 2466 v.
388 2413 419 2473 7.
461 2412 515 2488 τῆς
527 2407 689 2488 Βερυλίας]
711 2405 790 2466 hano
804 2409 972 2466 Berzeliam
987 2418 1076 2466 roost
1088 2406 1258 2490 Theopha-

149 2513 227 2570 nes,
249 2495 486 2552 aliiBerzitiam.
514 2491 717 2572 sedcorrupta
733 2503 803 2552 sunt
821 2512 899 2573 quse
915 2505 1090 2574 sequuntur.
1321 2529 1325 2533 .

239 2577 281 2638 ib.
300 2598 331 2637 v.
344 2584 397 2643 22.
440 2577 491 2641 tat
512 2575 733 2659 Μεσημβρίαν]
762 2581 798 2637 Ρ.
814 2581 964 2637 Diaconus
985 2581 1017 2636 in
1029 2580 1165 2638 Misoella
1182 2599 1257 2659 per-

149 2683 259 2745 peram
273 2664 426 2724 men'diam
438 2665 536 2738 vertit,
559 2683 627 2722 cum
640 2666 678 2722 sit
690 2666 846 2744 proprium
859 2665 942 2722 urbis
956 2684 1078 2723 nomeu.

241 2769 273 2828 p·
281 2749 359 2814 4ον.
370 2754 401 2815 7.
422 2746 560 2830 Βαρνᾶν]
572 2752 670 2808 Barna
679 2749 848 2828 etOdyssus
856 2750 987 2808 Moesiae
994 2751 1145 2810 inferioris
1154 2751 1255 2810 urbes.

241 2832 282 2890 ib.
305 2851 336 2891 s.
357 2837 408 2898 20.
450 2837 543 2895 ταῦτα
567 2829 710 2914 διαγνούς
729 2834 979 2914 Konstantiana]
1009 2847 1096 2894 sexta
1113 2834 1256 2912 Synodus

152 2925 259 2978 ooaota
278 2917 333 2976 sub
350 2915 508 2996 Agathone
528 2915 630 2975 habita
649 2929 695 2977 est
712 2938 741 2978 a.
761 2923 800 2983 13
818 2921 939 2998 imperii
955 2920 1140 2978 Constantini
1152 2922 1256 2998 Pogo-

150 3005 244 3150 ἵζ’..
257 3000 658 3151 titt‘ttttfiittit’
687 3001 927 3148 offirmo
948 3001 1027 3154 {31¹⁰
1028 3006 1256 3155 ”idaei-23¹³?

153 3108 304 3252 Pogodati
321 3174 440 3252 prolixa
461 3171 499 3231 de
519 3171 627 3252 synodi
645 3107 736 3232 huilus
758 3108 1063 3253 temdorepdisputat,
1095 3193 1172 3256 quae
1195 3173 1254 3236 hoo
1270 3182 1293 3236 Ρ
1310 3184 1344 3237 78

154 3259 223 3318 loco
248 3257 394 3318 discutere
411 3259 538 3318 minime
555 3277 679 3318 neeesse
701 3269 755 3318 eat.
799 3271 833 3318 ut
855 3257 894 3317 ed
913 3265 933 3324 6
953 3258 1105 3339 synodum
1122 3259 1256 3337 redeam,

155 3341 240 3402 haud
256 3342 380 3402 dubium
393 3355 439 3405 eat
451 3346 525 3426 quin
539 3361 567 3402 a.
582 3344 616 3402 (i.
633 3347 695 3410 660
710 3342 849 3404 inchoata
863 3346 911 3420 sit,
932 3344 999 3403 Iud.
1013 3348 1044 3421 9,
1066 3349 1143 3406 Nor.
1157 3351 1178 3409 7
1194 3346 1255 3422 die,

156 3429 299 3507 finitaque
317 3431 447 3488 situnne
464 3431 611 3510 sequenti.
656 3447 734 3511 quo,
763 3441 799 3489 ut
815 3431 907 3490 refert
922 3433 1115 3510 Anastasius,
1140 3433 1180 3496 17
1195 3435 1256 3490 Fe-

156 3513 270 3572 bruarii
290 3511 439 3572 dominica
459 3514 534 3588 fuit,
565 3516 648 3595 cyclo
665 3517 738 3575 solis
758 3519 815 3590 18,
847 3517 894 3575 lit.
919 3514 1001 3575 dom.
1018 3519 1053 3575 1³.
1095 3519 1129 3574 in
1146 3519 1220 3576 actis
1236 3519 1258 3581 6
1275 3527 1284 3550 ⁸

157 3595 268 3680 synodi
280 3607 401 3656 notatur
414 3595 469 3655 hio
479 3618 574 3656 annus
587 3600 775 3660 Constantini
787 3604 846 3678 27,
869 3599 952 3683 quod
968 3602 1098 3682 reliquos
1117 3620 1186 3658 oum
1201 3619 1260 3682 pa·

159 3695 204 3742 tre
220 3680 318 3741 adhue
340 3685 497 3762 superstite
513 3675 678 3761 imperarit.
721 3697 829 3766 quotus
845 3707 917 3746 vero
934 3684 983 3743 hio
1003 3696 1071 3766 post
1088 3687 1260 3745 Constantis

158 3769 276 3826 obitum
294 3769 386 3826 fuerit
402 3777 481 3826 oeno
503 3766 620 3826 definiri
638 3781 758 3851 posset,
787 3774 815 3831 si
829 3771 867 3831 ds
880 3790 985 3830 meuse
1001 3790 1036 3829 aa
1049 3769 1099 3829 die
1113 3781 1262 3831 oonstaret

159 3871 220 3934 quo
234 3853 379 3913 Constans
392 3855 493 3912 vivere
510 3851 609 3913 desiit.

241 3957 274 4017 Ρ.
288 3936 327 4002 41
347 3957 377 3996 r.
394 3938 444 4001 15·
466 3941 522 4003 τοῦ
540 3933 698 4019 Ὀψικίον]
736 3937 774 4000 de
798 3943 958 4021 Opsioisuo
980 3937 1113 3999 themate
1137 3936 1258 3998 abunde

160 4019 293 4101 disputat
307 4023 518 4084 Constantinus
531 4021 790 4106 Porphyroganita
800 4045 820 4084 a
831 4027 977 4086 Vulcania
991 4023 1106 4100 editus,
1128 4025 1184 4084 snb
1196 4043 1258 4104 qua

160 4106 369 4189 comprehensi
380 4106 515 4190 Bithyni,
537 4113 626 4191 Mysi,
647 4109 794 4193 Phryges,
815 4109 958 4186 Dardani,
977 4113 1086 4170 Troes.
1115 4103 1260 4189 'ootuov

159 4195 268 4253 Latina
280 4213 344 4253 vox
358 4205 412 4271 est,
427 4213 519 4276 quare
534 4195 734 4278 Obsequium
745 4215 963 4280 nonnunquam
978 4195 1147 4255 reddimus:
1162 4196 1261 4275 sigui·

159 4279 228 4340 fient
243 4282 325 4340 enim
339 4277 411 4358 roric
423 4281 706 4368 προπορευομένους
725 4283 899 4367 ἔμπροσθεν
917 4286 974 4346 τοῦ
987 4281 1131 4366 βασιλέως
1142 4281 1194 4346 issi
1210 4273 1260 4345 ed·
