3017 4817
532 308 776 379 nonnemo.
1107 297 1110 305 ’
1160 334 1230 384 xrrr
1323 315 1331 342 ¹

122 498 236 541 norem
250 498 292 539 ex
305 478 422 557 integro
434 476 604 537 versionem
615 464 915 538 nufimere'deerevi.
937 475 1045 538 sedne
1056 478 1228 543 videremur

122 586 234 645 nostris
254 583 385 641 nimium
403 577 582 658 plaudentes
603 580 701 639 aliene
721 580 909 661 vituperare,
946 602 963 639 e
981 584 1104 661 regione
1125 594 1227 647 textus

125 686 335 745 Moreliienum
356 683 565 761 opposuimus,
600 693 735 742 nostram
753 692 856 743 eutem
874 686 918 757 in·
929 703 982 743 ore
1001 694 1137 743 extreme
1156 687 1225 747 libri

125 788 324 861 subiecimus,
352 794 386 844 ut
410 802 502 865 quem
517 786 646 866 quisque
658 784 744 843 molit
753 786 837 865 leget
850 796 881 845 et
895 796 1048 868 sequetm.
1090 806 1126 845 ec
1138 807 1225 848 mens

125 889 251 973 quidem
262 898 365 949 nostre
376 889 468 947 etiem
480 897 544 946 eret
553 887 655 946 iembo
670 888 780 947 iambis
799 886 943 965 reddere,
964 886 1020 949 sed
1034 891 1121 949 veriti
1135 910 1174 949 ne
1190 889 1225 951 id

125 991 208 1076 quod
232 994 308 1053 vitio
325 991 469 1052 verrimus
490 990 645 1064 Morellio,
678 990 766 1051 nobis
785 1008 906 1071 quoque
926 994 1059 1051 eveniret
1084 990 1224 1067 (difficile

125 1098 207 1156 enim
227 1114 294 1155 esse
312 1094 452 1153 norirnus
469 1092 589 1152 obscuri
605 1098 713 1171 poitur
735 1112 839 1152 versus
854 1090 982 1153 totidem
995 1095 1130 1155 versibus
1143 1096 1223 1155 velle

125 1193 302 1273 declarare),
316 1194 427 1255 idcirco
442 1192 480 1254 de
493 1214 585 1255 seusu
597 1204 627 1253 et
641 1196 671 1253 ri
686 1195 847 1255 verborum
859 1206 978 1255 tentum
989 1196 1057 1256 solli
1075 1200 1110 1255 iti
1119 1197 1223 1276 perillo

123 1300 297 1360 liberiorem
317 1296 501 1357 confecimus
521 1298 702 1357 versionem.
752 1300 883 1357 multem
903 1309 1006 1359 eutem
1036 1216 1161 1378 oderem
1188 1301 1222 1359 in

124 1402 311 1461 Hesoi'mero
327 1397 506 1459 illustrando
518 1400 751 1479 insumpsimus:
777 1420 850 1460 nem
863 1411 893 1459 et
904 1401 1118 1480 prolegomene
1132 1420 1222 1481 pree·

123 1506 262 1563 misimus
275 1513 304 1562 et
318 1499 526 1562 adnotationes
540 1498 722 1577 adiecimus,
751 1512 786 1561 ut
803 1501 885 1584 quod
901 1504 1072 1562 maximum
1085 1514 1130 1563 est
1145 1524 1220 1583 opus

123 1602 262 1681 Pisidae,
288 1608 440 1683 integrum
459 1604 598 1664 exomni
615 1614 700 1683 perte
712 1602 848 1684 prodiret
864 1609 899 1665 in
910 1606 1028 1681 lucem,
1055 1625 1090 1664 ac
1103 1606 1220 1664 nullom

123 1708 217 1768 aliem
232 1708 266 1765 in
287 1716 439 1785 porterum
463 1703 646 1766 desideraret
664 1726 790 1765 menum
810 1706 998 1767 adinvicem.
1040 1709 1074 1765 in
1090 1706 1220 1767 editione

123 1812 236 1869 oreeea
251 1809 386 1868 Brunelii
406 1818 523 1867 constet
540 1814 650 1889 poime
666 1809 776 1871 iembis
797 1813 895 1886 1860,
921 1812 958 1870 ἰιι·
969 1811 1219 1870 Graeco-Latine

122 1900 252 1971 Morellii
269 1914 360 1976 1880.
402 1920 504 1970 nostre
523 1930 619 1991 resque
643 1908 683 1969 ed
705 1915 788 1976 toto
806 1929 911 1972 versus
930 1910 1073 1971 exhibet:
1101 1912 1220 1992 sliquos

121 2016 205 2073 enim
225 2013 357 2073 seuerior
379 2012 453 2071 elibi
471 2014 597 2073 omissos
617 2022 647 2073 et
665 2010 824 2072 hincinde
838 2034 880 2075 ex
893 2013 1046 2074 codicibus
1061 2022 1221 2092 excerptor

120 2116 184 2173 ruis
196 2114 272 2175 locis
285 2114 402 2174 restitui
418 2117 599 2175 curavimus.
640 2133 750 2195 neque,
774 2126 809 2174 ut
822 2114 958 2192 ridetur,
980 2113 1162 2195 sperandum
1173 2125 1218 2174 est

120 2216 255 2294 emplius
266 2224 301 2273 ut
314 2219 347 2275 in
360 2220 507 2276 maiorem
519 2234 680 2275 numerum
693 2227 869 2276 excrescent
880 2216 914 2275 hi
925 2220 1053 2292 senarii,
1075 2216 1217 2275 etsi-Sui-

121 2316 175 2377 des
187 2326 330 2395 testetur,
360 2328 394 2377 ut
406 2321 543 2400 superius
562 2314 676 2377 dictum
696 2329 758 2394 est,
785 2319 937 2379 termille
957 2321 1031 2379 olim
1050 2320 1218 2378 constitisse

119 2419 343 2493 Hexab'nreron,
371 2433 401 2481 et
418 2422 557 2481 Iiebbens
570 2443 608 2501 p.
626 2420 789 2487 esemel.
810 2440 907 2481 novae
926 2440 990 2481 mss
1009 2440 1050 2479 ex
1071 2420 1216 2498 catalogo

120 2523 270 2603 Scipionis
282 2524 379 2583 Tettii
395 2534 544 2585 memoret
556 2521 677 2583 Pisidae
690 2522 920 2603 cosmopoeiem
938 2534 986 2583 ter
1005 2523 1091 2582 mille
1111 2541 1216 2583 versor

120 2625 380 2704 complectentem.
422 2646 498 2707 opus
512 2636 558 2685 eet
572 2624 677 2703 Sergio
692 2623 861 2705 patriarche
874 2625 1020 2687 ruedente
1032 2636 1215 2704 susceptum,

120 2728 210 2807 eique
223 2726 319 2785 multe
334 2725 460 2787 lendum
473 2724 732 2786 commendatione
745 2725 890 2788 dicatum.
932 2730 965 2785 in
982 2746 1034 2803 eo,
1063 2728 1119 2787 sub
1136 2736 1216 2791 teoto

120 2830 221 2887 Procli
235 2830 376 2906 nomios„
392 2827 558 2891 iohannem
571 2826 775 2907 Philoponum
787 2830 852 2908 peti
864 2831 897 2887 in
908 2840 1043 2887 mentem
1056 2830 1139 2887 venit
1151 2827 1216 2905 pri-

120 2931 333 3005 inamoeno,
353 2950 388 2989 ec
403 2928 512 3007 deinde
525 2933 618 2991 etiam
633 2926 752 2989 (iudico
760 2974 770 3005 ,
792 2928 875 3011 quod
888 2949 906 2988 e
917 2930 1005 2988 nobis
1020 2930 1054 2987 in
1070 2926 1216 3006 Prolego·

121 3035 215 3092 menis
227 3032 319 3091 letius
335 3033 529 3114 expenditur:
545 3031 606 3095 ¹sed
622 3052 781 3113 perperam
802 3030 875 3090 inde
895 3033 961 3111 ipse
974 3030 1053 3089 Cere
1074 3041 1104 3089 et
1119 3027 1216 3089 oudi-

121 3154 175 3194 nus
190 3132 362 3194 iudicarunt
372 3134 456 3195 idem
470 3133 529 3195 hoc
548 3155 613 3197 esse
629 3154 790 3215 opus-cum
802 3139 960 3213 podmete,
990 3130 1073 3214 quod
1087 3152 1105 3191 a
1118 3133 1216 3191 Geor-

122 3240 168 3315 gio
182 3246 285 3297 nostro
297 3232 416 3320 μέτροις
429 3230 564 3318 ἀρίστοις
575 3232 675 3318 c‘c'orcep
689 3236 805 3301 iteum
815 3227 960 3317 γράφειν,
989 3244 1092 3295 contre
1106 3231 1214 3295 Philo'-

120 3358 232 3418 ponnm
253 3348 413 3397 exeretrrm
431 3358 497 3399 csse
516 3338 618 3419 prodit
630 3335 815 3419 Nicephorum
829 3335 884 3395 lib.
904 3340 942 3401 18
958 3335 1056 3401 e.·48.
1096 3356 1171 3395 nem
1183 3347 1215 3396 et

119 3460 232 3501 errasse
243 3438 448 3521 Nicephorum
469 3450 499 3499 et
517 3440 627 3501 selsam
643 3443 766 3501 omnino
786 3460 852 3500 esse
869 3441 1103 3499 conecterem
1115 3440 1214 3499 Cerco

118 3542 189 3603 inde
203 3544 328 3623 petitum
339 3560 415 3603 mox
428 3541 715 3620 demonstrabimus,
739 3562 809 3601 cum
816 3540 856 3601 de
868 3547 1008 3621 poemate
1019 3544 1052 3601 in
1071 3542 1215 3600 Severum

116 3664 254 3725 egemus.
297 3656 430 3707 ceterum
440 3642 562 3703 Pisidae
576 3646 774 3724 cosmopoeia
793 3655 857 3705 tcto
877 3644 987 3703 referte
1005 3654 1056 3705 eet·
1068 3645 1127 3721 piis
1141 3661 1214 3701 sen·

116 3748 236 3821 tentiis,
264 3746 374 3827 quibus
394 3744 435 3807 ed
449 3744 584 3807 divinem
594 3745 1057 3826 maiestatem-contemplandum
1070 3762 1110 3803 ex
1124 3742 1213 3802 rebus

114 3851 225 3909 creetis
237 3868 324 3911 mens
336 3847 471 3909 humano
481 3852 616 3909 maxime
628 3850 762 3928 erigitrrr.
805 3850 950 3927 scripturn
962 3857 1017 3922 est,
1038 3856 1073 3906 ut
1085 3843 1213 3918 ridetur,

111 3950 173 4011 hoo
187 3970 270 4030 opus
281 3954 484 4013 circe·e1mum
497 3954 569 4028 629,
591 3970 651 4033 quo
667 3942 972 4030 temporeiierecli'us
984 3945 1116 4009 secundo
1130 3944 1213 4003 bello

108 4052 253 4113 confecto
267 4056 332 4113 iem
344 4054 502 4115 Persidem
513 4054 682 4131 subegeret.
725 4054 769 4111 ite
789 4056 870 4111 enim
880 4050 1139 4127 Pisidesergium
1156 4066 1213 4127 pro
1282 4105 1285 4114 .

106 4156 254 4216 Heraclio
269 4168 407 4218 orontem
420 4157 535 4217 inducit
547 4175 577 4215 v·
595 4152 690 4221 1845:
714 4152 768 4219 xci
781 4151 834 4229 dds
845 4151 900 4218 ro'c
912 4153 1017 4217 eicco
1028 4142 1215 4235 προσλαβὼ-

103 4280 151 4323 ru
164 4254 199 4321 cd
213 4252 326 4343 codron
339 4256 393 4327 cdv
405 4254 630 4343 κοσμοᾳιὶστην,
650 4250 705 4325 cdv
719 4250 851 4339 διώκτην
864 4254 1033 4338 Hrodiis&
1053 4256 1166 4337 μᾶλλον
1180 4246 1215 4317 dd

158 4366 256 4441 (ἕως.
280 4368 366 4423 Pirid.
989 4360 1011 4421 2
