3017 4817
440 327 503 392 n
524 325 697 392 necnon
721 325 952 394 svsulcou.
1128 423 1133 428 η
1181 325 1254 398 129

233 494 284 556 68.
328 489 437 551 alludit
457 488 497 550 ed
515 493 614 550 varius
634 489 820 550 diversarum
834 493 971 571 gentium
986 492 1021 549 in
1038 495 1193 571 Europam
1208 495 1253 551 ir-

149 577 318 656 ruptiones,
347 577 386 636 de
407 578 517 659 quibus
532 575 604 636 ride
618 594 709 656 suprs
723 578 757 638 iu
773 575 907 648 Montio,
934 577 987 635 ubi
1003 578 1194 638 observatum
1208 587 1254 638 est

149 681 254 721 omues
270 663 412 722 barbaros
425 665 550 741 originis
565 660 725 741 Scythicae
738 662 845 721 luisse.
875 662 990 722 Abares
1007 674 1109 722 autem
1121 662 1253 742 (lepidas

125 806 129 812 ,
149 759 180 806 et
187 747 412 828 Longoburdos‚
427 751 481 829 qui
497 751 588 828 primi
600 744 710 807 Istrunl
723 749 902 806 traiecerant
916 757 946 806 et
960 751 994 806 in
1010 749 1168 807 Pannonia
1180 767 1254 806 oon-

149 835 303 909 stiterant,
325 835 358 892 in
372 833 481 913 fugem
495 836 619 892 vertisse
634 843 665 892 et
675 833 742 893 loce
754 833 793 891 eh
805 833 868 892 illis
884 845 1029 914 occupata
1041 835 1100 894 sibi
1110 835 1254 893 retinuis-

149 939 193 996 se,
214 921 300 979 testis
313 928 359 978 est
372 917 714 998 AlexanderdaLegct.
728 938 766 996 p.
785 917 859 982 114.
895 964 902 982 .

236 1005 289 1068 69.
331 1006 389 1066 τοῦ
402 1003 557 1086 γέροντος,
578 1003 719 1064 videlicet
735 1002 875 1083 Scythae.
921 1003 1159 1085 qnlppeiamab
1175 1023 1260 1064 anno·
1353 1055 1357 1067 .

149 1089 192 1152 18
208 1089 329 1167 imperii
342 1089 478 1149 Valentis
491 1091 619 1149 llunnos
639 1091 691 1148 vel
706 1087 836 1169 Scythas
850 1091 885 1148 in
897 1087 1062 1149 Thracium
1074 1107 1170 1170 usque
1184 1106 1256 1169 per-

148 1174 266 1232 vasisse
282 1172 455 1235 dictumest
468 1177 501 1234 in
515 1176 650 1247 Monito,
671 1193 707 1233 ac
719 1175 890 1234 luculenter
904 1172 1088 1236 demonstrat
1102 1175 1257 1234 Mareelli-

148 1275 209 1318 nus
220 1262 261 1322 81
279 1263 311 1322 9.
353 1261 434 1318 infra
450 1280 481 1320 v.
497 1263 539 1326 88
553 1264 610 1322 τοῦ
622 1259 761 1342 γέροντος
776 1257 912 1343 ἔγγονον.

235 1345 290 1408 78.
333 1364 440 1405 sensus
456 1347 565 1425 opinor
577 1343 629 1403 hic
641 1355 697 1404 est.
730 1364 800 1424 spes
813 1345 902 1404 nobis
914 1345 1011 1403 inerat
1023 1345 1159 1404 Abarum
1173 1365 1259 1404 mor·-

149 1437 231 1505 tem,
253 1431 308 1508 qui
320 1431 377 1489 sub
389 1431 557 1492 lustinimo
570 1432 646 1510 imp.
663 1439 780 1489 nostras
793 1433 931 1508 regiones
945 1441 1177 1509 oocupuverant,
1198 1449 1257 1490 no-

151 1515 221 1572 stris
233 1516 325 1574 malis
339 1514 433 1574 finem
444 1535 511 1575 esre
526 1516 705 1580 allaturum
729 1513 785 1574 sed
796 1511 854 1596 reio
866 1519 927 1597 γῆν
940 1512 1083 1594 dullum
1096 1514 1128 1590 ἒξ
1141 1514 1259 1596 ἐκείνης

152 1598 285 1676 εἵλκετο,
315 1603 369 1680 qui
382 1611 501 1661 mortuo
516 1603 678 1676 suouessit,
704 1601 817 1686 mortni
831 1611 970 1660 naturam
988 1597 1098 1660 induit.
1140 1603 1258 1660 immite

152 1701 339 1766 ssenunque
350 1697 510 1765 purentmn
520 1688 680 1765 ingenimn
690 1683 863 1744 traductum
877 1695 923 1744 est
936 1689 969 1744 in
982 1683 1069 1760 filios,
1084 1687 1137 1768 qui
1150 1703 1257 1766 aeque,

153 1787 191 1826 ao
203 1769 252 1827 illi
268 1771 391 1830 barbari
410 1781 441 1830 et
459 1768 597 1830 crudeles
611 1769 721 1829 detecti
739 1779 821 1830 sunt.
864 1771 942 1829 mali
953 1772 1034 1829 euim
1048 1771 1143 1844 corvi,
1165 1779 1199 1830 ut
1213 1778 1259 1831 est

151 1855 185 1911 in
195 1856 364 1934 proverbio,
386 1855 504 1915 mulum
518 1875 620 1914 mum.

238 1943 291 2005 88.
332 1943 432 2002 simile
449 1939 529 1999 illud
542 1943 659 2000 Horatii
675 1941 775 2022 Epist.
796 1943 814 2004 1
839 1943 880 2006 10
900 1937 959 2006 24:
993 1951 1137 2000 murram
1158 1941 1258 2020 capel·-

152 2023 202 2082 las
224 2037 283 2090 eto.

241 2114 294 2175 86.
338 2112 377 2171 of.
391 2113 542 2171 Homerus
559 2111 691 2176 [liud-2
712 2110 787 2177 488.

241 2197 294 2260 87.
337 2197 473 2256 Abarum
492 2215 587 2276 genus
613 2215 654 2256 ex
674 2194 813 2255 adductis
828 2194 942 2268 crusis,
972 2191 1055 2276 quod
1075 2213 1115 2254 ex
1135 2193 1262 2276 Scythia

155 2281 361 2360 prosiluerint,
384 2277 572 2364 ξεοόοπορον
583 2279 670 2362 τέρας
680 2281 824 2360 appellat.
866 2279 995 2338 fortusse
1010 2279 1051 2339 atl
1062 2281 1178 2341 fonnae
1193 2281 1263 2340 foe-

155 2365 284 2425 ditatem
296 2365 416 2443 alludit,
438 2363 476 2425 ds
489 2385 548 2449 que
561 2370 606 2426 sio
613 2369 793 2426 Ammianus
801 2365 996 2425 Marcellinus
1005 2385 1042 2444 p.
1057 2367 1137 2432 615:
1159 2369 1263 2424 Hunni

156 2451 344 2530 spadonibus
356 2451 483 2524 etmihi,
504 2455 668 2531 compactis
679 2451 948 2531 omueofirrorlcqstc
959 2449 1100 2510 membris
1116 2463 1144 2510 et
1156 2453 1264 2530 optusis

156 2537 338 2610 mnibus,
353 2537 679 2618 prodr'gs'oeuesomrue
694 2537 848 2616 etporrdi,
870 2547 905 2595 ut
919 2535 1038 2614 bipedes
1051 2539 1198 2596 mistiam
1211 2536 1262 2595 be·
1326 2527 1341 2566 ‘¹

158 2625 247 2696 auur,
266 2623 318 2684 vel
328 2621 433 2702 quales
444 2626 478 2681 in
493 2623 770 2704 commarginauclb
778 2619 927 2702 pontibus
940 2621 1068 2702 effigiati
1080 2623 1194 2702 rupim
1206 2623 1262 2681 do-

158 2708 265 2767 lantur
284 2711 441 2786 incompte.
487 2728 523 2768 uc
544 2707 582 2768 de
606 2729 710 2768 eorum
730 2711 847 2787 origine
871 2706 954 2766 idem
977 2711 1262 2786 auotorp.61881o

160 2797 221 2852 ait:
241 2795 404 2874 nudusque
421 2793 509 2872 apud
525 2813 573 2853 eoo
591 2795 791 2873 iruerrogaun
803 2793 979 2871 respondere
992 2793 1072 2851 uncle
1084 2796 1180 2850 oraim
1188 2805 1263 2871 pot-

161 2888 219 2952 eet,
239 2877 316 2938 alibi
327 2892 498 2958 conceptum,
518 2890 668 2959 numnqroe
676 2879 801 2958 procul,
823 2889 852 2936 et
863 2878 985 2958 longizu
1000 2877 1153 2936 educante.

247 2967 299 3030 88.
340 2963 411 3023 eide
422 2984 451 3023 v.
465 2967 518 3030 69.
1311 2999 1315 3004 ·

247 3051 300 3114 89.
340 3050 537 3108 barbarorum
547 3045 775 3108 multitudinem
795 3057 826 3107 et
838 3047 990 3106 feritatem
1002 3056 1106 3122 notat,
1139 3044 1178 3105 de
1194 3048 1264 3128 qui*-

158 3135 221 3193 hus
240 3133 417 3194 consulendi
436 3126 571 3194 aurto'res
592 3135 625 3191 in
643 3135 765 3193 Mom'to
780 3130 907 3192 laudati.
950 3129 1005 3192 sed
1017 3141 1148 3212 praestet
1162 3133 1266 3212 legere·

162 3222 361 3280 Ammianunr
371 3221 599 3294 Marcellinum,
627 3221 681 3300 qui
702 3237 790 3278 auam
808 3219 1012 3278 narrationem
1030 3219 1074 3276 sio
1091 3215 1263 3278 exorditur:

163 3307 352 3364 Horatiorum
365 3327 455 3387 gene,
484 3307 683 3364 nronuusentis
694 3302 842 3364 veteribus
861 3303 966 3362 leviter
982 3313 1055 3362 nota
1148 3323 1265 3364 omnem

163 3390 427 3472 modumseritaue
442 3391 563 3450 excedit.

249 3479 302 3541 98.
344 3480 519 3536 Francisous
532 3477 617 3535 Foris
632 3471 790 3536 Otrokoesi
803 3493 830 3532 e.
847 3471 868 3537 4
877 3493 914 3553 p.
932 3471 994 3542 124
1013 3476 1047 3533 in
1065 3475 1127 3533 suis
1147 3474 1266 3533 Hunnis

165 3561 414 3622 commendandis
431 3581 551 3641 semper
571 3560 702 3640 diligens
721 3570 752 3618 et
774 3557 926 3619 studiosus
941 3558 1064 3619 Athilae
1084 3562 1264 3634 convivium,

164 3645 206 3705 de
222 3650 412 3729 quodlriscus
427 3651 461 3706 irs
472 3648 613 3725 Except.
628 3647 738 3725 Legat.
748 3665 786 3724 p.
802 3647 862 3720 87,
895 3665 965 3704 cum
985 3646 1109 3704 Assueri
1120 3645 1265 3703 convivio

163 3751 228 3792 non
242 3732 359 3793 dubitat
370 3753 552 3814 comparare.
596 3729 708 3791 exinde
722 3740 824 3789 autern
840 3728 1021 3810 Scytharum
1037 3730 1267 3808 temperantium

164 3816 339 3878 irmnodiois
365 3819 451 3896 effert
476 3816 628 3877 leudibus.
670 3835 777 3874 verum
802 3817 975 3875 meminisse
1002 3827 1072 3872 eum
1102 3813 1266 3892 oportebat,

167 3901 230 3959 dici
251 3902 375 4006 eplitum
398 3903 437 3963 de
462 3907 500 3963 iis
527 3906 579 3986 qui
607 3903 856 3982 intemperantius
880 3903 953 3960 rino
979 3897 1158 3979 indulgent,
1193 3916 1269 3961 cun-
1382 3976 1385 3986 Ι

166 3992 308 4136 &melli
349 4075 479 4152 primam
492 4074 626 4133 Aburum
641 4073 779 4133 Heraclio
803 4081 947 4152 regnante
968 4080 1071 4130 contra
1088 4067 1207 4150 Gpolim
1224 4069 1267 4126 ir-

167 4159 342 4239 ruptionem
354 4177 474 4217 nurrore
492 4157 672 4238 aggreditur.
715 4160 802 4238 plura
822 4155 860 4216 de
881 4154 939 4214 hnc
952 4175 983 4214 re
997 4157 1029 4213 iu
1044 4153 1190 4215 Chronico
1207 4155 1267 4213 Pu-

169 4242 267 4303 schsli
276 4263 312 4324 p.
331 4245 408 4320 889,
430 4245 463 4301 in
477 4241 665 4322 Theophane
678 4267 714 4324 p.
731 4245 805 4319 252,
827 4247 860 4301 in
872 4239 1040 4321 Nicephoro
1060 4241 1162 4318 Comp.
1179 4240 1264 4297 He'st.

164 4349 202 4407 p.
220 4333 253 4407 9,
275 4349 310 4389 ac
325 4341 393 4411 post
410 4349 461 4390 eos
477 4333 508 4388 iu
519 4327 653 4389 cedreno
662 4352 698 4409 p.
715 4329 788 4407 408,
811 4338 840 4389 et
851 4331 884 4387 in
894 4329 1024 4388 Baronio
1040 4325 1079 4386 ed
1094 4327 1183 4385 finem
1198 4326 1268 4383 anni
