3017 4817
227 274 299 343 132
653 272 714 341 DU
735 270 890 345 cnttnu

224 437 316 501 sacris
330 436 478 497 intersunt
491 430 680 497 sacerdotnm
692 426 847 497 shbsellis.
889 430 974 493 addit
984 440 1139 514 praeterea
1150 450 1241 514 snpra
1253 450 1325 493 enm

224 523 367 583 thronum
381 520 532 581 Christum
548 523 644 581 solere
657 522 781 600 effingi,
803 521 942 580 manibus
958 522 991 577 in
1005 538 1143 578 mensam
1156 521 1325 599 appositam

224 612 257 667 in
271 612 365 669 crucis
380 609 507 667 formam
523 604 701 683 decussatis,
724 607 832 666 dextra
843 626 955 686 panem
970 624 1098 679 sacrum,
1120 605 1238 663 sinistra
1255 624 1325 663 crn-

224 715 292 754 cem
306 690 598 774 apprehendentem:
619 690 775 751 hincinde
789 711 871 767 vero,
894 700 924 749 et
938 711 956 749 a
972 691 1131 765 lateribus,
1154 709 1244 768 snpra
1257 692 1325 769 epi-

224 799 382 859 scoporum
400 789 430 837 et
447 774 635 837 sacerdotum
654 775 781 853 sedilia,
812 775 972 851 duodecim
987 776 1191 853 apostolorum
1209 774 1325 853 effigies

225 864 407 938 delineatae,
438 874 472 925 nt
490 866 580 921 etiam
592 860 684 921 hodie
698 862 776 923 inS.
791 864 881 921 Pauli
897 874 928 921 et
940 862 1104 920 salvatoris
1117 860 1248 918 basilicis
1262 862 1326 917 Ro-

223 970 293 1011 rnae
311 950 541 1027 conspiciuntur.
584 946 665 1006 unde
685 948 811 1028 planum
831 948 864 1007 fit
887 966 923 1006 eo
948 949 1117 1051 respexisse
1141 946 1326 1004 Germanum

222 1031 424 1115 patriarcham
438 1035 504 1108 GP,
533 1052 602 1091 curn
615 1032 692 1092 dixit
708 1034 793 1139 βῆμα
813 1052 878 1091 esse
892 1026 1033 1139 θρόνον
1024 1022 1100 1092 ίν
1074 1052 1156 1134 μπτρ
1169 1054 1187 1095 ο
1177 1028 1326 1109 ’παμβα-

186 1144 192 1151 ·
222 1116 322 1193 σιλεός
346 1114 475 1201 Χριστὸς
495 1112 690 1196 προκάθηται
713 1114 787 1198 μετὰ
808 1122 870 1180 τοῖν
894 1114 991 1180 ατίτοιῖ
1012 1108 1207 1193 υίποστόλοιν,
1238 1125 1324 1175 utet

221 1207 406 1311 Syrneonem
421 1202 600 1263 Thessalon.
618 1204 694 1263 libro
716 1202 753 1262 de
768 1203 916 1284 Templo:
939 1203 1069 1275 καθίσας
1087 1204 1130 1263 sni
1150 1198 1324 1302 συνθρόνμ,

224 1288 278 1354 τόν
294 1286 425 1371 Χριστόν
441 1283 670 1367 ἐκμιμούμενος
684 1288 911 1393 συγκαθίβρους
925 1283 1047 1365 ἔχεικαὶ
1061 1309 1134 1360 τους
1149 1278 1325 1349 συνεπισκό-

226 1398 305 1450 πους
320 1373 372 1438 καὶ
384 1375 474 1481 ἱερεῖς
486 1372 691 1453 μιμουμένους
703 1368 776 1447 τούς
790 1366 992 1445 α’ποστόλους.
1030 1383 1059 1429 et
1073 1372 1151 1430 libro
1167 1368 1204 1429 de
1216 1372 1326 1430 Sacra-

225 1462 354 1519 rneutis.
375 1456 398 1539 ἡ
414 1455 478 1521 όνοι
471 1456 683 1563 καθέδρα
646 1482 703 1535 την
716 1452 949 1560 υπερουρόνιον
954 1458 1089 1519 δείκνυσι
1102 1455 1259 1537 καθέδραν
1270 1458 1327 1519 τοῦ

223 1539 387 1625 'income
368 1540 443 1605 μί’
422 1538 480 1606 υπ’
503 1533 599 1649 αότην
614 1540 647 1604 δὲ
662 1536 858 1623 βαθμίόες
824 1567 880 1625 την
894 1533 1023 1606 ἕκαστου
1036 1546 1097 1603 nnis
1112 1544 1259 1623 ίεραρχοῖν
1273 1538 1326 1602 καλ

225 1628 330 1713 ἰτρίων
350 1625 435 1703 τάξιν
452 1650 483 1689 τε
501 1626 554 1689 καί
574 1622 738 1707 α’ναβασιν,
771 1628 855 1689 ἔνθα
872 1624 911 1707 θη
924 1626 975 1691 καί
993 1650 1030 1689 ου
1023 1622 1134 1705 ’θέμις
1146 1650 1215 1689 τινα
1226 1625 1326 1706 ’ἕτερον

224 1719 368 1788 καθίσαι,
400 1704 473 1775 ου’θὲ
495 1716 558 1775 τοῖν
581 1708 734 1777 διακόνων
758 1706 870 1775 criseis.
915 1710 1022 1771 eadem
1042 1709 1214 1788 habetaliis
1228 1710 1325 1770 verbis

224 1800 302 1857 libro
319 1798 356 1857 de
372 1797 519 1901 Templo:
550 1793 601 1858 ded
623 1802 679 1859 τοῦ
701 1798 787 1897 ἱεροῦ
807 1791 980 1877 συνθρόνου
996 1793 1050 1861 τόν
1068 1790 1164 1870 εἰς’
1126 1819 1278 1899 ουρανους
1292 1792 1326 1859 ts

225 1886 332 1959 δεξιῶν
347 1887 402 1944 τοῦ
402 1876 526 1983 πατρός
542 1880 736 1985 σαρκωθίντα
750 1876 841 1963 λόγον
855 1878 1045 1986 καθήμενον,
1067 1877 1118 1944 διαί
1131 1879 1165 1944 δὲ
1179 1885 1239 1943 suiv
1252 1874 1326 1943 dnn·

224 1972 356 2071 βαθμοῖν
375 1960 432 2045 τὴν
452 1964 579 2028 ἕκαστον
597 1970 658 2029 coin
673 1964 845 2049 ίεροιμίνοιν
858 1961 1035 2077 ανθροίποον
1048 1966 1101 2029 καὶ
1116 1971 1178 2030 rein
1192 1961 1326 2049 οίγγέλοτν

222 2048 310 2129 τάξιν
323 2074 354 2115 τε
368 2076 420 2114 και
409 2045 598 2131 α’ναβασιν.

308 2140 361 2201 67.
404 2136 478 2193 Dixi
496 2136 581 2193 binos
596 2154 729 2195 recessus
750 2153 804 2195 sen
822 2137 922 2214 potius
940 2133 1015 2195 duas
1033 2133 1196 2195 conchulas
1207 2112 1325 2207 maiori,

224 2221 277 2283 ubi
290 2222 387 2283 stabat
402 2240 485 2280 sacra
499 2240 613 2296 mensa,
638 2219 793 2279 adiunctas
807 2220 916 2294 fnisse,
938 2222 1065 2279 alteram
1084 2221 1123 2280 sd
1141 2219 1281 2279 dextram
1295 2230 1326 2278 et

222 2310 465 2387 septentrionem,
490 2306 615 2364 alteram
625 2304 663 2364 ad
677 2308 830 2364 sinistram
841 2317 871 2364 et
886 2265 925 2363 ad
939 2304 1100 2366 meridiem
1116 2306 1228 2365 altaris.
1251 2324 1325 2365 non-

223 2391 328 2452 chulas
350 2393 457 2450 maiori
471 2387 625 2449 adiunctas
644 2389 802 2463 describit,
824 2392 857 2449 ni
876 2390 980 2465 fallor,
1002 2392 1193 2451 silentiarius
1209 2394 1227 2454 1
1246 2399 1326 2470 part.

223 2498 254 2536 v.
269 2480 343 2543 236.
387 2494 459 2533 narn
482 2495 551 2531 curn
566 2472 694 2533 dixisset
708 2472 842 2532 mediam
854 2494 889 2534 ac
901 2478 1048 2535 maiorem
1064 2474 1210 2535 concham
1224 2495 1325 2535 sacer-

225 2560 328 2622 dotum
342 2560 486 2619 subsellia
501 2562 533 2616 in
548 2559 651 2617 orbern
666 2557 868 2617 circumducta
882 2564 1051 2636 continere,
1080 2560 1164 2621 addit
1179 2580 1248 2620 eam
1268 2580 1326 2619 ex-

225 2650 324 2725 cipere
339 2643 392 2725 (ad
402 2656 563 2724 utrumqne
575 2664 684 2723 nempe
701 2644 793 2721 latus)
814 2644 960 2704 fornicem
971 2646 1083 2721 alium,
1111 2645 1220 2706 validis
1243 2648 1327 2703 inni-

224 2751 301 2791 xurn
316 2728 539 2805 fundamentis,
562 2730 593 2785 in
608 2732 669 2788 ima
683 2726 806 2809 quidem
821 2740 905 2807 parte
920 2732 953 2788 in
968 2743 1064 2791 rectas
1081 2730 1204 2791 ductum
1216 2732 1325 2806 lineas,

224 2836 353 2897 superne
376 2834 447 2875 vero
467 2816 509 2872 ita
530 2816 681 2875 sinuatum
701 2824 735 2872 ut
750 2813 880 2893 cylindri
894 2817 1044 2875 semisecti
1056 2818 1188 2876 formam
1203 2816 1326 2875 referat.

224 2922 261 2961 ea
275 2913 320 2961 est
336 2902 417 2959 enirn
429 2903 578 2959 minorum
594 2898 809 2959 conchulamm
822 2900 927 2978 figura,
943 2921 1020 2982 qnae
1034 2922 1103 2960 oum
1114 2904 1222 2961 maiori
1234 2902 1325 2980 longe

224 2989 385 3048 strictiores
401 3005 419 3043 a
433 2996 511 3043 terra
526 2997 690 3063 assurgant,
715 2983 844 3065 cylindri
860 2988 1011 3045 semisecti
1024 2988 1153 3046 fonnem
1167 2988 1325 3065 effingunt,

224 3072 320 3133 donec
341 3090 469 3150 superne
489 3073 661 3144 sinuentur3
693 3090 785 3151 quam
807 3074 899 3129 etiam
919 3071 1047 3150 figuram
1067 3076 1176 3132 maiori
1192 3070 1325 3133 conchae

224 3159 328 3217 tribuit
341 3158 513 3233 Procopius,
536 3156 606 3214 licet
618 3158 727 3235 potiori
741 3158 806 3214 inre
818 3158 984 3216 minoribus
997 3160 1051 3216 illa
1064 3160 1231 3217 conveniat.
1249 3177 1326 3217 mox

226 3240 310 3301 addit
323 3241 512 3300 Silentiarius
530 3238 692 3315 concham,
717 3243 894 3301 orientalem
908 3262 1036 3322 nempe,
1058 3242 1143 3303 binas
1159 3246 1234 3304 alias
1250 3264 1325 3301 con-

226 3326 297 3387 chas
312 3328 451 3407 utrinqne
468 3324 655 3404 protendere,
678 3346 781 3385 versns
796 3325 982 3386 occidentem
998 3327 1233 3407 progredientes,
1254 3340 1326 3387 tan-

224 3432 317 3493 quam
329 3412 356 3469 si
368 3410 456 3469 ulnas
470 3430 539 3468 suas
553 3409 744 3486 extenderet,
776 3430 835 3493 quo
851 3413 965 3471 clerum
978 3434 1013 3471 ac
1031 3425 1167 3474 cantores
1180 3414 1325 3494 excipiat.

225 3498 263 3557 de
277 3494 485 3556 minoribus's
455 3498 547 3573 igitur
562 3494 736 3555 conchulis
727 3506 771 3555 tta
784 3498 990 3557 Silentiarins.

347 3578 405 3659 τήν
419 3576 452 3641 δὲ
463 3574 527 3659 μέτ’
525 3579 689 3681 ἐκδέχεται
699 3588 853 3685 κρατεροῖς
866 3577 998 3689 ἆραρυῖα
1008 3583 1171 3663 depellere,

350 3663 381 3741 ίς
393 3659 485 3769 βόσιν
497 3658 725 3768 εὐθύγραμμος,
747 3660 866 3747 όπερθτ
877 3665 911 3731 δὲ
923 3662 1045 3743 κόκλιος
1061 3664 1165 3744 αντυξ,

350 3746 498 3831 σχήμασιν
513 3773 550 3813 ου
543 3743 699 3832 ’σφαίρης
709 3752 887 3835 ἐναλίγκιος,
908 3747 983 3816 αλλα
996 3754 1160 3835 κυλίνδρου

350 3832 457 3915 ἄνδιχα
477 3835 681 3915 τεμνομένοιο.

222 3919 332 3981 harum
353 3918 568 3979 conchularnrn
588 3922 728 3994 alteram,
759 3919 905 4001 quemad
919 3919 1058 3981 dextram
1072 3922 1176 3983 statuit
1190 3920 1324 3999 Symeon

223 4006 502 4065 Thessalonicensis
512 4000 691 4085 ,πρόθεσιν
705 4008 811 4065 Graeci
827 4008 991 4087 appellant,
1014 4010 1102 4088 quasi
1118 4006 1199 4066 dicas
1208 4026 1324 4083 propo-

222 4093 358 4149 sitionem
374 4102 425 4149 aut
433 4052 646 4168 propbsinonis
661 4112 808 4162 mensam,
836 4111 854 4148 a
868 4096 1037 4153 ceremonia
1055 4112 1133 4176 qnae
1151 4096 1185 4151 in
1199 4111 1236 4149 aa
1251 4110 1324 4170 per-

223 4179 322 4254 agitur
332 4195 443 4234 nomen
454 4174 625 4235 habentem.
668 4179 702 4235 in
719 4196 753 4237 ea
772 4196 921 4258 namque,
953 4182 996 4237 ait
1008 4180 1153 4253 Allatins,
1183 4174 1324 4235 sacerdos

223 4272 292 4319 ante
306 4262 448 4337 missam,
472 4272 501 4321 et
516 4280 576 4321 una
590 4282 658 4323 cum
672 4282 708 4323 eo
720 4264 936 4342 ministrantes,
958 4284 1006 4326 res
1023 4283 1128 4327 omnes
1149 4260 1324 4326 adsacrum
