3017 4817
894 1 915 21 ⁷
983 6 1029 39 N

217 289 285 345 vus
309 276 465 347 cenom
477 278 538 349 DU
550 281 712 351 FRFSNE
725 280 888 353 DOMINI
898 284 960 357 DU
973 274 1110 355 CANGE
1122 288 1319 361 PRAEFAT-

216 451 294 513 udus
313 448 426 530 proposi
444 442 518 523 sodo
537 439 719 526 demones,
739 447 793 515 soi
807 442 841 515 sd
855 446 912 533 uie
924 446 1062 517 moiseo
1074 448 1218 537 ignitus,
1242 454 1317 541 eidi

215 562 346 631 suissed
359 564 460 649 μέρος.
500 586 608 629 rernm
622 578 761 631 uooursts
775 570 996 653 quantumlibet
1007 572 1047 635 sit
1059 590 1137 657 qnae
1147 592 1230 639 nuno
1240 594 1314 659 pro·

216 684 262 745 dit
274 683 360 747 aedis
375 682 548 765 Sophisnse
560 688 735 749 elucubrata
747 709 767 750 s
780 690 877 755 Penio
891 690 1064 755 Silentisrio
1076 691 1238 777 mouere,
1259 664 1315 759 vix

214 814 319 867 temen
337 824 375 865 ee
393 823 471 888 quoe
493 806 619 869 obscuro
639 808 713 869 estis
734 808 869 871 oermine
891 809 1075 895 vsoibusqne
1092 808 1178 873 hund
1199 814 1314 895 possim

213 925 311 987 obviis
324 943 445 1007 asperso
457 926 602 1005 involvit,
623 924 699 987 odeo
710 930 871 1013 perspicue
886 938 957 991 sunt
969 938 1004 991 nt
1017 928 1155 1014 diligenti
1171 934 1314 995 exsemine

213 1045 266 1107 vel
277 1054 359 1105 uerte
371 1046 560 1126 expositione
573 1065 636 1107 non
648 1044 816 1129 indigeant.
856 1066 931 1109 nem
943 1068 1014 1109 oum
1026 1060 1127 1134 portes
1139 1050 1220 1133 ipsus
1230 1062 1313 1113 tem·

212 1164 260 1245 pli
280 1165 494 1227 vocabulorum
512 1167 700 1249 poitioomm
721 1166 1052 1247 oiroumioontionibns,
1072 1166 1214 1253 graphius
1228 1170 1312 1248 lieet,

214 1282 379 1363 dmoribet,
398 1287 532 1365 portium
551 1287 686 1367 ipserum
701 1287 841 1365 nomine,
863 1284 946 1371 quod
963 1290 1114 1371 preestitit
1129 1290 1222 1351 edun
1233 1291 1313 1351 Pro-

213 1408 338 1488 oopius,
359 1406 480 1485 omisit,
500 1406 545 1467 itu
567 1416 602 1467 nt
622 1406 736 1487 legenti
748 1426 815 1467 reru
826 1408 924 1489 magis
936 1404 1092 1469 divinandi
1105 1426 1198 1491 quem
1209 1408 1312 1471 snimo
1345 1456 1347 1464 ,

212 1523 399 1611 peroipiendi
414 1524 516 1585 loount
528 1526 710 1606 praebuerit.
750 1536 933 1611 quopropter
945 1522 1029 1587 hond
1043 1528 1195 1609 ingratum
1207 1527 1311 1589 leotori

212 1642 279 1703 iore
289 1641 367 1703 mihi
379 1645 524 1726 persnesi,
545 1646 572 1705 si
584 1617 758 1726 Sophisnue
770 1644 863 1724 sedis,
884 1656 974 1729 atque
986 1644 1062 1707 odeo
1074 1644 1144 1709 dete
1156 1650 1311 1710 oooosione

212 1773 381 1824 oeterorum
400 1761 483 1843 opud
505 1764 636 1826 Grseoos
654 1767 852 1848 templorum,
874 1762 1105 1847 descriptionem
1121 1763 1311 1848 aggrederer,

211 1902 341 1966 eumque
355 1902 398 1943 ex
411 1882 587 1965 Byzantinis
599 1887 778 1965 praesertim
793 1884 1006 1965 scriptoribus,
1027 1884 1143 1967 aliquot
1159 1886 1251 1945 etism
1268 1901 1312 1945 ox

210 2004 322 2063 nostris
341 2001 556 2062 reoentioribus
576 1999 752 2063 edomstern
767 2004 834 2065 vioe
849 2004 1056 2064 oomrnenterii
1067 2004 1102 2063 in
1115 2002 1245 2063 Peulum
1258 2000 1311 2064 Si-

209 2122 384 2183 lentiurium
399 2118 499 2181 eidem
510 2122 647 2202 soriptori
660 2122 877 2185 subnecterem.
918 2118 1000 2205 qnod
1011 2140 1085 2183 seue
1096 2120 1234 2181 Lutetise
1248 2120 1311 2181 1³·-
1388 2130 1392 2137 '

209 2243 365 2319 risiorum,
387 2258 409 2300 s
420 2240 506 2301 libris
517 2240 581 2300 fere
592 2242 775 2322 imperatus,
796 2242 893 2301 serius
906 2259 999 2323 quem
1010 2260 1065 2322 pro
1075 2248 1160 2301 tonte
1171 2240 1216 2299 rei
1228 2240 1311 2302 mole

206 2380 264 2444 per
277 2369 358 2437 erut,
376 2376 446 2419 sum
463 2376 637 2438 eggressus,
658 2376 744 2434 eum,
765 2358 875 2418 utinm
888 2358 989 2438 attigi,
1009 2377 1089 2438 pene
1104 2358 1240 2417 oonfeotu
1250 2377 1309 2417 ro-

208 2480 334 2541 lmninis
348 2474 480 2537 editiom
493 2476 617 2556 elegans
628 2472 711 2535 istud
723 2480 834 2556 potinus
846 2472 887 2534 ud
897 2494 948 2535 mo
959 2474 1156 2555 pervenisset.
1181 2472 1309 2557 proinde

208 2596 293 2658 houd
309 2615 400 2679 segre
419 2592 499 2657 mihi
516 2591 735 2656 oondonsturos
750 2594 833 2655 uiros
845 2590 949 2655 dootos
960 2591 1093 2671 oonfido,
1113 2594 1309 2655 sioommen·

208 2718 375 2777 tationeuls
394 2716 455 2777 ists
476 2732 547 2773 mes
563 2732 627 2775 non
643 2711 684 2773 ud
696 2732 831 2794 ungerem
851 2713 986 2794 expolite
1003 2710 1157 2792 videntur,
1188 2732 1258 2775 oum
1274 2716 1308 2775 in

210 2856 352 2919 praesens
372 2832 452 2895 mihi
471 2831 507 2893 id
526 2834 719 2915 potissimum
735 2832 855 2893 oonsilii
873 2832 982 2911 fuerit,
1007 2843 1042 2893 nt
1059 2845 1200 2895 nosemu
1213 2834 1309 2895 iuster

209 2966 290 3017 esset
318 2953 359 3015 ed
385 2953 562 3035 scriptorem
585 2948 669 3013 heud
694 2954 818 3014 omnino
846 2952 1015 3013 eommunis
1039 2970 1075 3013 oo
1096 2952 1160 3013 triti
1181 2952 1308 3033 soporis·

209 3091 385 3157 quenqusm
402 3071 519 3133 mihine
538 3070 619 3132 huno
638 3073 825 3153 provinoism
841 3090 1011 3153 snogurem
1026 3068 1225 3131 dnbitsndnm
1237 3070 1307 3151 fuir,

103 3168 108 3178 “
209 3212 281 3255 eum
302 3194 389 3253 nom
407 3189 583 3274 ponendi
601 3192 750 3273 poemen
769 3210 855 3273 spem
873 3191 995 3251 rueme
1014 3190 1047 3249 tn
1065 3190 1250 3271 prasonem
1265 3186 1308 3249 es

207 3314 388 3393 Prooopium
418 3312 467 3371 vir
493 3313 618 3373 omnino
645 3328 774 3389 mugnus
792 3307 936 3371 Claudius
954 3310 1127 3385 dieltretus,
1149 3308 1218 3370 Soo-
1237 3308 1308 3371 lesu

207 3432 366 3513 presbyter
377 3442 408 3491 et
420 3431 541 3511 eollegii
558 3430 745 3491 Montsibeni
761 3438 872 3507 motor,
892 3428 947 3511 qui
958 3446 1019 3511 qne
1031 3428 1126 3510 pollet
1138 3428 1172 3489 in
1184 3428 1307 3489 Grueois

207 3548 332 3631 perinde
345 3570 381 3611 uo
394 3551 511 3613 Letinis
526 3551 621 3613 literis
635 3546 820 3626 eruditione,
840 3549 931 3629 longe
943 3548 1063 3609 felioius
1078 3565 1115 3608 es
1127 3546 1235 3607 fuisset
1249 3543 1307 3605 de-

204 3670 344 3745 innotns3
366 3672 439 3748 etsi,
460 3672 507 3732 nti
524 3690 576 3731 ms
596 3690 651 3752 per
674 3669 778 3729 literss
799 3667 935 3745 monuit,
956 3664 1040 3749 quod
1056 3683 1151 3746 penes
1170 3682 1242 3725 eum
1260 3674 1306 3727 est

204 3788 294 3849 Pauli
315 3788 482 3849 Silentinrii
503 3786 728 3871 apographum,
749 3785 931 3867 desoriptssm
949 3783 1075 3864 perinde
1086 3784 1128 3842 sit
1140 3801 1182 3843 ex
1194 3800 1305 3843 menu-

202 3909 313 3988 soripto
332 3908 487 3987 Psintino,
515 3906 720 3991 proindeque,
741 3914 776 3969 ut
797 3904 1036 3983 summanum,
1055 3901 1172 3965 lecum
1192 3912 1306 3967 sonteut

204 4022 463 4112 deformetumqne
478 4028 528 4091 sit.
