3017 4817
261 263 336 339 146
519 264 729 349 QUERCIUS
754 266 800 336 itt
826 267 1101 339 numantinis

260 438 358 499 tiones
382 430 512 513 expendi
534 443 564 493 et
584 436 670 493 iuxta
686 438 784 499 varias
797 437 988 515 planetarum
1003 440 1119 516 species
1137 439 1370 501 conversiones·

262 540 321 602 que
334 530 364 577 et
378 530 538 599 potestates
554 521 706 598 explorari
724 533 812 581 autea
827 533 986 601 oporteret.

347 610 398 669 61.
442 603 515 685 quid
530 606 590 664 siut
605 604 774 687 σκάμμαιιι,
797 605 912 666 dicam
926 627 1015 687 supra
1032 627 1062 664 v.
1078 606 1131 671 51.
1175 620 1206 667 at
1222 606 1273 665 hic
1286 612 1370 669 Pisi·

265 689 335 751 dam
354 700 427 769 puto
449 709 555 749 vocare
576 702 744 749 scammata
766 712 806 751 ex
827 704 974 753 astrorum
994 694 1202 751 observatione
1224 696 1335 773 petitas
1349 717 1368 753 a

263 778 360 855 Magis
376 774 575 850 definitmnes,
597 776 706 858 quibus
719 778 765 836 illi
779 782 934 842 vanissimi
947 787 1158 853 aeruscatores,
1172 780 1279 861 quales
1291 799 1368 860 que-

263 864 323 921 iive
339 862 401 920 fato
413 862 507 919 futuri
525 872 625 920 essent
639 860 795 939 homines,
825 866 877 945 qui
890 866 946 923 sub
961 866 1165 944 unaecunque
1182 864 1291 923 sideris
1304 866 1367 924 sor-

264 967 315 1007 ma
331 956 360 1005 et
373 948 521 1027 positione
537 950 600 1005 nati
614 959 722 1023 essent,
745 947 936 1008 desinebant.
978 946 1064 1031 ’ὄργια
1079 960 1181 1007 autem
1193 948 1366 1008 huiusmodi

265 1052 362 1113 nugas
376 1044 405 1091 et
419 1032 613 1091 deliramenta
628 1034 777 1115 appellat,
807 1046 873 1095 tum
885 1046 918 1093 ut
932 1054 983 1095 eas
1002 1052 1095 1115 aeque
1111 1037 1222 1114 impias
1240 1044 1270 1092 et
1283 1038 1366 1093 insa-

265 1140 321 1179 nas
342 1140 406 1178 esse
432 1116 615 1177 demonstret
637 1140 672 1178 ac
686 1120 868 1179 Graecomm
890 1123 987 1198 orgia,
1018 1119 1126 1201 quibus
1148 1120 1223 1178 olim
1246 1118 1365 1179 Baccho

265 1224 349 1265 sacra
362 1204 490 1280 fiebant,
519 1214 585 1263 tum
598 1215 632 1261 ut
646 1208 805 1284 Magorum
816 1207 974 1265 stultitiam
987 1215 1093 1278 vexet,
1127 1208 1179 1285 qui
1194 1216 1229 1263 ut
1242 1207 1365 1284 popello

265 1288 299 1349 id
311 1293 540 1370 praestigiarum
552 1290 671 1350 facilius
685 1289 891 1365 venditarent,
913 1294 946 1348 in
960 1291 1074 1369 templa
1089 1300 1119 1347 et
1129 1308 1223 1368 pyrea
1236 1292 1365 1365 coibant,

266 1386 301 1435 ut
313 1374 351 1433 de
367 1378 522 1449 vaticiniis,
540 1370 618 1457 ¹quae
633 1378 723 1454 orgiis
739 1375 814 1457 quid
827 1376 935 1451 simile,
960 1378 987 1434 si
1002 1394 1102 1434 rerum
1116 1378 1280 1435 vanitatem
1294 1396 1366 1455 spe-

267 1470 339 1537 ates,
362 1464 469 1520 merito
485 1460 607 1535 dixeris,
628 1463 708 1520 inter
719 1482 752 1521 se
766 1462 1008 1542 colloquerentur
1018 1472 1049 1519 et
1065 1459 1275 1519 deliberarent.
1305 1465 1367 1519 ita-

268 1565 328 1629 que
342 1546 443 1607 Pisida
455 1566 510 1625 per
522 1542 578 1605 has
590 1546 749 1606 verborum
768 1548 927 1625 ambages,
956 1549 1076 1625 opinor,
1104 1549 1249 1624 exprimit
1258 1548 1368 1604 Persa·

268 1650 336 1691 runa
350 1633 520 1705 levitatem,
551 1633 604 1713 qui
614 1628 797 1711 horoscopus
811 1643 841 1690 et
854 1635 1022 1711 genituras,
1053 1634 1228 1710 ceteroquin
1246 1651 1296 1690 res
1313 1650 1366 1689 va-

268 1720 426 1793 nissimas,
454 1715 574 1797 utquid
586 1734 703 1775 ssorum
716 1728 899 1780 tractamt.
930 1719 983 1797 qni
1002 1718 1090 1796 plura
1109 1717 1199 1792 velit,
1229 1734 1310 1796 quae
1328 1716 1368 1775 ad

268 1822 335 1862 rem
347 1804 474 1875 ferient,
502 1799 572 1881 περὶ
586 1806 784 1883 γενιθλιακῆς
797 1802 885 1861 adeat
900 1804 1068 1861 hucianum
1082 1800 1119 1859 de
1130 1800 1287 1880 Astrolcg.
1314 1805 1368 1882 qui

268 1886 348 1947 hano
360 1888 451 1967 plane
468 1884 627 1945 ridiurlam
641 1889 798 1946 scientiam
818 1885 971 1963 defendit,
993 1897 1023 1945 et
1041 1886 1170 1945 Gellium
1187 1885 1280 1960 141,
1303 1905 1367 1967 qno

267 1990 358 2031 nemo
378 1973 488 2032 melius
511 1974 589 2031 inter
609 1982 726 2032 veteres
747 1974 961 2033 subtilissimae
981 1974 1052 2031 artis
1073 1968 1268 2030 fundamenta
1289 1991 1367 2030 oon-

267 2058 365 2119 vellit.

354 2146 405 2208 62.
448 2143 605 2221 Magorum
639 2142 806 2219 inscitiam,
836 2152 868 2202 et
899 2143 1062 2202 vanitatem
1087 2142 1199 2201 evincit
1225 2142 1371 2222 exemplo

269 2226 438 2303 (lbosroae,
461 2246 554 2309 quem
575 2226 629 2286 diu
651 2231 801 2288 victurum
820 2247 861 2287 ex
877 2226 1043 2307 horoscopo
1060 2225 1293 2306 praedixerant,
1315 2248 1369 2287 us·

270 2312 406 2396 quedam
420 2314 487 2393 ipse
502 2314 539 2372 ab
554 2314 628 2373 urbe
641 2312 837 2395 Ctesiphonte
850 2311 1007 2373 invisenda
1026 2313 1204 2388 abstineret,
1227 2332 1300 2371 eum
1319 2317 1368 2371 in·

269 2401 428 2461 terfectum
448 2400 488 2457 iri
510 2418 528 2457 a
551 2398 613 2457 filio
636 2398 721 2458 Siron
745 2402 865 2478 penitus
886 2402 1074 2479 ignorantes,
1097 2400 1239 2478 quamvis
1262 2416 1313 2457 eos
1335 2408 1369 2455 ut

269 2503 365 2565 genus
392 2480 546 2563 quoddam
567 2481 726 2542 fatidicum
747 2495 778 2542 et
797 2482 935 2543 divium
954 2482 1058 2543 laudet
1075 2486 1229 2542 Lucienus
1246 2484 1279 2540 in
1291 2484 1366 2539 Ma·

271 2568 389 2628 ombus
434 2565 544 2626 horum
567 2566 605 2627 de
627 2579 724 2627 morte
742 2566 1089 2629 charmes-vaticinium
1103 2566 1200 2627 habes
1214 2571 1247 2625 in
1261 2565 1366 2626 Theo·

269 2650 371 2734 phane
380 2672 417 2731 p.
433 2654 507 2715 269.
550 2664 683 2711 ceterum
698 2654 743 2712 nil
763 2657 892 2730 mirmn,
913 2657 941 2714 si
953 2656 1088 2713 ommam
1102 2672 1205 2712 rerum
1218 2650 1366 2715 humana·

270 2756 340 2797 rum
359 2748 480 2816 tempus
497 2740 643 2796 monem
657 2748 687 2796 et
701 2756 823 2799 cernam
835 2742 918 2819 Magi
932 2743 966 2799 in
982 2740 1083 2813 coelo,
1105 2749 1136 2797 et
1153 2758 1195 2796 ex
1210 2738 1305 2797 stellis
1316 2756 1367 2795 re-

268 2824 1369 2989 minutiarumautimi

270 3013 361 3070 nare,
384 3003 413 3053 et
435 3012 493 3074 quo
515 2996 642 3074 quisque
655 3012 766 3072 genere
778 2996 884 3055 mortis
898 3006 928 3053 et
940 2997 1002 3053 ictu
1013 2997 1156 3073 temporis
1168 3003 1247 3052 esset
1258 2994 1369 3050 interi-

269 3089 371 3154 turus,
393 3098 425 3137 se
438 3097 526 3156 posse
540 3078 712 3157 praedicere
726 3080 951 3158 profiterentur,
974 3082 1059 3139 ossius
1072 3081 1117 3137 rei
1131 3088 1219 3137 testes
1233 3086 1305 3135 sunt
1319 3086 1367 3135 tot

269 3164 460 3223 oraculorum
478 3172 510 3223 et
528 3166 679 3225 ιὶιὶοιιιιιιι
700 3166 772 3223 libri
789 3185 809 3222 a·
828 3162 1003 3225 Glitiam
1017 3163 1186 3223 auctoribus
1195 3163 1367 3236 memorati,

270 3246 311 3307 de
335 3249 443 3328 quibus
463 3246 612 3309 videndus
632 3250 785 3309 Fabricius
799 3250 886 3308 Bibl.
909 3252 1017 3309 Graec.
1036 3248 1096 3308 vol.
1114 3252 1185 3327 61³·
1199 3250 1279 3322 863,
1299 3248 1366 3326 qui,

270 3342 307 3391 nt
325 3334 418 3407 solet,
439 3332 610 3411 pererudite
630 3333 779 3395 &aarum
796 3345 898 3395 utrum
912 3336 1009 3393 Leoni
1022 3335 1160 3413 Sapienti
1174 3350 1270 3391 necue
1286 3340 1367 3391 recte

265 3416 439 3477 aibusnan
452 3421 572 3477 oraoma
584 3438 662 3500 quae
676 3420 732 3481 suh
746 3422 811 3479 eins
824 3422 947 3479 nomine
957 3420 1214 3493 drmmfernntur,
1235 3417 1367 3495 plurima

264 3498 445 3561 huiusmodi
456 3506 566 3583 scripta
578 3516 722 3565 recenset.
764 3508 828 3565 heo
839 3510 932 3565 etiam
941 3506 1071 3565 Allatius
1077 3501 1214 3563 Ducti.
1223 3502 1263 3560 de
1272 3502 1367 3563 Geor-

269 3588 332 3667 81'1'0
341 3608 376 3665 P·
387 3588 449 3655 851
464 3590 560 3649 obiter
570 3590 731 3651 nonnullos
743 3592 952 3651 vaticiniorum
964 3592 1057 3649 libros
1069 3598 1228 3663 memorat,
1243 3606 1286 3647 ex
1298 3590 1366 3668 qui·

271 3672 329 3731 bus
343 3674 434 3733 etiam
447 3685 570 3754 apparat
584 3678 733 3735 exstitisse
746 3676 822 3737 olim
834 3674 986 3757 quaedam
998 3676 1116 3735 oracula
1129 3671 1281 3733 Ghosroae
1292 3674 1366 3732 Per·

270 3776 374 3817 sanam
394 3760 473 3837 regis
491 3762 613 3819 nomine
630 3762 790 3839 inscripta,
811 3780 958 3841 quorum,
978 3763 1012 3819 ni
1027 3761 1132 3833 fallor,
1154 3760 1309 3838 specimen
1323 3766 1367 3817 est

270 3840 306 3901 id
342 3842 424 3927 quod
453 3841 491 3903 de
520 3846 668 3910 vaticiniis
694 3844 845 3907 Choarene
881 3844 972 3907 tradit
999 3842 1175 3924 Theophyl.
1203 3844 1367 3905 simocatta

355 4016 409 4079 63.
450 4010 655 4095 Theophanes
670 4037 707 4095 p·
724 4018 787 4081 271
805 4026 909 4080 narrat
926 4016 1047 4077 Siruun
1065 4010 1210 4078 suadente
1228 4010 1366 4071 Heraclio

270 4096 305 4153 in
324 4094 487 4159 Chosroanr
505 4100 686 4179 parricidam
704 4120 790 4161 arma
803 4104 953 4177 movisse,
979 4103 1139 4180 ipsumque
1159 4102 1273 4160 catenis
1292 4116 1369 4159 οιιιι-

272 4188 353 4239 stum
364 4184 396 4241 in
409 4202 558 4245 carcerem
571 4184 748 4262 detrusisse3
769 4188 814 4247 ibi
826 4198 929 4248 autem
941 4197 1075 4265 satrapas
1088 4186 1296 4259 consfitiusse,
1318 4183 1370 4263 qui

17 4342 19 4379 ν
273 4281 345 4323 eum
364 4284 443 4343 pane
465 4280 496 4329 et
515 4290 595 4353 aqua
613 4283 917 4353 paraesustentatum
929 4274 1047 4335 iraiuriis
1058 4272 1372 4340 laeesoereutetcon·
