3017 4817
313 295 488 378 oerum
511 297 570 364 oa
587 297 729 367 nmio
748 301 871 367 evm.
893 299 1109 372 montrum
1191 304 1260 378 121

158 461 293 525 tendisse
307 461 428 524 ridetur
441 461 482 525 ad
495 461 575 524 illud
585 464 716 550 §Petrei
728 467 790 536 113
811 465 868 532 15:
889 488 999 534 maram
1014 467 1139 542 bubum
1162 482 1189 528 et
1200 492 1262 532 reon

154 549 344 630 palpebris&
367 549 463 629 pede
475 549 603 626 habeut,
637 562 668 615 et
687 573 750 614 neu
764 551 968 618 ambulabunt
985 595 1039 624 ...,
1070 556 1262 627 simitaritia

149 636 250 713 stant,
272 637 327 716 qui
333 635 465 714 suerunt
475 656 527 708 eo,
555 647 587 698 st
600 639 771 718 omnesqui
784 637 941 714 sufficiunt
954 641 988 702 in
1003 643 1057 712 eis·
1080 644 1167 721 qrrasi
1183 640 1262 702 dieat

157 724 267 783 Persas
278 722 394 786 similes
407 741 513 781 rerem
527 741 593 785 esse
606 723 701 783 faetor
715 721 818 800 idolis,
840 743 919 805 quae
935 726 1027 788 stulta
1042 723 1218 791 adorabant.

243 807 318 874 465.
360 816 445 878 reete
453 805 603 869 invidiam
612 817 648 879 ut
658 823 828 870 mensuum
840 829 860 872 a
874 820 980 878 nattrra
993 808 1128 878 bumana
1141 832 1262 892 prorsus

158 895 294 952 alienum
308 889 460 952 deeeibit.
489 889 659 957 hamanum
675 904 721 956 eet
737 897 819 954 euim
835 896 893 959 sibi
907 897 1035 977 aliisque
1049 897 1128 962 bona
1142 897 1263 960 deeida-

158 998 242 1052 rare3
266 975 425 1125 invidi5eet
435 981 588 1058 prosperis
603 979 732 1040 aliorum
746 981 836 1042 rebus
848 991 966 1044 tautum
980 985 1124 1064 torqueri.
1146 985 1258 1048 Herus.

155 1064 258 1143 optet.
282 1067 345 1128 12
386 1065 418 1126 7.
663 1131 666 1139 ,
1142 1131 1146 1136 .

244 1147 318 1213 450.
360 1144 474 1222 Pisida,
486 1150 521 1208 ui
532 1148 633 1223 failor,
653 1148 803 1228 praevidit
820 1148 1024 1224 dissensiones¹
1036 1162 1067 1213 et
1080 1150 1150 1222 odie
1166 1155 1264 1217 emet-

156 1243 257 1292 tatum
267 1235 306 1292 iri
320 1235 399 1292 inter
410 1233 507 1309 filios,
535 1252 612 1315 quos
627 1237 786 1301 Heraclius
808 1256 849 1297 ex
863 1235 999 1301 liudonis
1015 1241 1148 1318 primum
1165 1251 1195 1298 et
1208 1238 1263 1298 de-

156 1318 230 1379 inde
245 1338 287 1378 ex
298 1320 427 1381 Martius
439 1320 584 1398 Augustis
597 1331 780 1400 muaperat.

243 1403 320 1472 452
367 1402 476 1482 θάψω.
496 1406 537 1470 12
555 1404 630 1470 256.

243 1488 318 1555 468.
359 1489 495 1568 legerem
507 1487 679 1570 usptsoizss.

243 1570 318 1638 458.
360 1574 624 1653 patetiieraolium
636 1571 762 1641 diesidia
773 1573 852 1633 inter
864 1573 942 1636 filios
953 1577 1065 1640 oritura
1078 1581 1262 1658 cognovisse,
1379 1629 1383 1636 .

158 1669 189 1718 et
219 1670 368 1740 quantum
391 1661 458 1740 ipsa
489 1661 588 1738 potuit
614 1657 766 1721 studuisse
797 1669 831 1720 ut
864 1678 969 1726 eorum
993 1663 1110 1724 animoa
1139 1665 1264 1724 fraterni

158 1748 270 1804 amoris
282 1744 403 1804 vinculo
420 1743 618 1805 devinciret..
638 1742 695 1812 sed
705 1741 821 1804 invidia
835 1753 864 1802 et
881 1744 1030 1824 regnandi
1043 1749 1184 1824 ambitio,
1205 1769 1264 1831 pa-

157 1840 244 1890 terna
255 1833 372 1888 monita
388 1847 430 1890 ex
441 1830 544 1888 auimo
556 1839 697 1893 natorum
712 1847 807 1910 quarn
821 1831 964 1895 citissime
978 1829 1101 1914 delerit,
1115 1845 1150 1899 ut
1167 1834 1263 1896 histo-

157 1918 381 1975 sioitestantur.

242 2001 317 2066 460.
360 1997 536 2060 emendator
548 1997 600 2060 hio
614 2001 726 2062 iterum
740 1998 851 2079 prodit,
874 2010 964 2084 atque
977 2001 1010 2060 in
1021 1999 1079 2061 hoo
1092 2005 1193 2064 iambo
1207 2025 1263 2085 pro

157 2079 285 2167 μνήμην
297 2086 410 2168 διαρκῆ
417 2089 523 2165 reponi
530 2086 623 2146 vellet
633 2089 692 2154 uoti
704 2089 745 2170 τῇ
760 2089 894 2169 φυλακῇ,
908 2096 939 2142 et
948 2087 980 2152 in
988 2086 1168 2166 sequentior*
1176 2092 1264 2152 serai-

158 2189 256 2246 spero
273 2190 329 2250 pro
349 2167 388 2233 sai
408 2166 579 2252 πράγματα.
620 2181 763 2234 neutrum
778 2190 818 2230 ex
830 2168 914 2238 hisee
928 2169 1108 2234 lectionibus
1121 2175 1264 2253 probari-

157 2276 245 2332 mus3
274 2258 394 2336 gravior
416 2257 516 2330 enim,
548 2266 583 2313 ut
603 2256 691 2317 nobis
709 2253 836 2337 quidem
858 2253 1033 2331 ridebatur,
1055 2268 1101 2321 est
1117 2261 1265 2320 sententia

158 2361 251 2424 quam
268 2351 370 2402 textus
382 2339 519 2401 exhibet.

342 2555 427 2633 DE
477 2555 705 2635 BELLO
759 2557 1075 2636 AVARIGO

548 2697 874 2765 montrum

244 2850 350 2909 Plures
377 2869 414 2909 ao
433 2851 533 2913 varias
555 2853 689 2933 antiquie
714 2851 900 2932 temporibus
922 2850 1108 2917 diversarum
1128 2852 1263 2929 gentium

156 2935 352 3016 migrationes
366 2955 433 2996 ease
444 2936 551 3011 faetus,
572 2947 663 3017 atque
676 2955 717 2998 ex
729 2937 940 3000 remotioribus
955 2937 1176 3016 septemtrionis
1191 2955 1263 3016 par-

156 3023 240 3082 tibus
252 3022 381 3102 populos
396 3019 528 3083 afferatis
543 3023 679 3084 moribus
690 3023 841 3102 profectos
853 3025 886 3085 iu
900 3019 1113 3086 meridionales
1125 3023 1264 3098 regiones

156 3109 325 3187 ‘'mm‘’
352 3108 468 3186 passim
489 3105 599 3168 docem
614 3105 773 3184 1111101111,
803 3107 912 3189 quibus
927 3105 1020 3171 fidem
1033 3107 1107 3172 fauit
1119 3104 1264 3176 Strabo5

156 3214 191 3272 e·
209 3195 272 3260 218
292 3203 324 3252 at
343 3194 524 3265 Ammianus
542 3194 737 3256 Marcellinus
758 3197 797 3262 31
823 3193 854 3258 6.
903 3201 1010 3260 verum
1030 3193 1110 3256 nulli
1133 3192 1265 3252 erebrius

158 3297 254 3360 quam
270 3275 419 3358 Scythae,
448 3281 555 3360 quiret
575 3280 732 3340 Sarmatae
751 3289 782 3340 et
800 3279 996 3341 Sauromatae
1016 3275 1172 3360 quondum
1192 3274 1265 3338 dieti

159 3374 250 3440 suut,
279 3366 390 3423 nativis
412 3363 536 3425 sedibus
554 3366 668 3425 salietis
689 3367 884 3444 emigranrnt.
937 3365 1154 3445 antiquissimis
1174 3363 1266 3442 plane

159 3451 345 3529 temporibus
359 3447 542 3529 Scytharum
553 3469 640 3530 reges
654 3453 764 3510 virtute
779 3461 810 3510 et
822 3450 897 3510 belli
908 3451 1021 3512 artibus
1033 3451 1168 3529 insignes
1184 3448 1267 3506 mul·

158 3544 225 3593 tam
239 3536 323 3594 ultra
331 3536 463 3594 Tanaim
479 3535 606 3607 flurium
624 3539 781 3615 regionem
803 3534 843 3596 ad
857 3532 1023 3596 Thraciam
1042 3554 1139 3616 usque
1160 3533 1267 3591 subiu-

158 3639 247 3699 gasse
260 3622 347 3681 testis
359 3630 406 3683 est
417 3618 569 3682 Diodorus
581 3622 645 3682 sie
661 3627 683 3686 2
691 3643 730 3700 p·
747 3624 800 3686 90.
843 3619 899 3684 sed
916 3623 1013 3684 multo
1030 3623 1129 3698 magis
1141 3619 1266 3697 sequio-

158 3706 243 3767 ribus
256 3707 385 3768 saeoub's
397 3707 566 3766 inclaruere
578 3706 659 3787 apud
671 3725 729 3768 uos
739 3704 882 3788 Scythae,
896 3709 950 3792 qui
962 3705 1017 3767 sub
1031 3707 1120 3767 vario
1129 3704 1267 3781 gentium

156 3794 283 3852 nomine
297 3802 395 3852 totum
407 3793 469 3850 lete
485 3793 589 3852 orbem
603 3803 752 3852 terrerum
764 3800 957 3873 ooouparunt.
999 3808 1106 3853 omnes
1122 3789 1205 3850 essm
1218 3787 1266 3846 illi

156 3877 283 3958 popuii,
310 3895 387 3958 quos
400 3878 466 3938 iure
480 3889 511 3938 et
520 3879 631 3941 merito
645 3879 788 3938 barbaros
804 3879 957 3959 appellare
971 3876 1121 3948 solemus,
1152 3873 1266 3952 quique

159 3959 282 4024 elatem
302 3971 333 4020 st
351 3980 460 4025 nauem
471 3965 610 4045 Europae
623 3967 784 4024 universae
803 3963 967 4025 inferentes
980 3964 1151 4022 Romanum
1164 3959 1264 4036 impe-

157 4050 243 4110 rium
252 4047 375 4127 penitus
389 4057 567 4124 everterunt,
589 4071 607 4112 e
619 4047 764 4131 Scythiae
779 4048 888 4110 finibus
900 4048 1077 4127 prosiluere.
1098 4041 1170 4105 iude
1182 4043 1264 4102 enim

159 4135 252 4196 Alani
266 4129 435 4194 etVandali
447 4133 618 4214 etGepidas
633 4147 663 4196 et
674 4133 767 4196 Gothi
780 4145 811 4194 et
826 4135 928 4196 solari
941 4143 972 4194 et
984 4132 1107 4210 bulgari
1120 4139 1150 4188 et
1161 4128 1265 4188 Hunni

161 4219 318 4281 erstem
337 4228 369 4278 et
380 4220 499 4280 Turoae
519 4221 656 4302 aliaeque
676 4232 777 4302 pestes
803 4228 1011 4303 erumpentes,
1048 4216 1123 4278 oaeii
1136 4215 1267 4277 mitioris

159 4305 348 4387 benignitate
369 4305 479 4383 illeati,
512 4307 645 4388 primum
666 4309 782 4371 rioinas
802 4309 955 4385 regiones,
988 4324 1023 4366 uo
1044 4299 1154 4364 deinde
1172 4301 1265 4362 etiam

1136 4451 1161 4500 Ι
