<?xml version="1.0" encoding="UTF-8"?>
<!DOCTYPE html PUBLIC "-//W3C//DTD XHTML 1.0 Transitional//EN"
    "http://www.w3.org/TR/xhtml1/DTD/xhtml1-transitional.dtd">
<html xmlns="http://www.w3.org/1999/xhtml" xml:lang="en" lang="en">
 <head>
  <title>
</title>
<meta http-equiv="Content-Type" content="text/html;charset=utf-8" />
  <meta name='ocr-system' content='tesseract 3.04.00' />
  <meta name='ocr-capabilities' content='ocr_page ocr_carea ocr_par ocr_line ocrx_word'/>
</head>
<body>
  <div class='ocr_page' id='page_1' title='image "./corpusscriptoru19theogoog/corpusscriptoru19theogoog_0388.png"; bbox 0 0 3017 4817; ppageno 0'>
   <div class='ocr_carea' id='block_1_1' title="bbox 283 269 1213 363">
    <p class='ocr_par' dir='ltr' id='par_1_1' title="bbox 283 269 1213 363">
     <span class='ocr_line' id='line_1_1' title="bbox 283 269 1213 363; baseline -0.005 -19"><span class='ocrx_word' id='word_1_1' title='bbox 283 279 354 357; x_wconf 76' lang='lat'><strong>142</strong></span> <span class='ocrx_word' id='word_1_2' title='bbox 537 272 748 361; x_wconf 79' lang='lat' dir='ltr'><strong>onssoms</strong></span> <span class='ocrx_word' id='word_1_3' title='bbox 772 272 819 339; x_wconf 78' lang='lat' dir='ltr'><strong>ns</strong></span> <span class='ocrx_word' id='word_1_4' title='bbox 843 269 1118 339; x_wconf 69' lang='lat' dir='ltr'><strong>musculosa</strong></span> <span class='ocrx_word' id='word_1_5' title='bbox 1208 352 1213 363; x_wconf 24' lang='lat'>⁸</span> 
     </span>
    </p>
   </div>
   <div class='ocr_carea' id='block_1_2' title="bbox 276 436 1381 1381">
    <p class='ocr_par' dir='ltr' id='par_1_2' title="bbox 276 436 1381 599">
     <span class='ocr_line' id='line_1_2' title="bbox 276 436 1381 520; baseline -0.012 -7"><span class='ocrx_word' id='word_1_6' title='bbox 276 448 407 513; x_wconf 70' lang='lat' dir='ltr'><strong>Amata.</strong></span> <span class='ocrx_word' id='word_1_7' title='bbox 425 450 448 512; x_wconf 81' lang='grc'><strong>2</strong></span> <span class='ocrx_word' id='word_1_8' title='bbox 460 442 523 509; x_wconf 75' lang='grc'><strong>480</strong></span> <span class='ocrx_word' id='word_1_9' title='bbox 537 440 574 503; x_wconf 88' lang='lat' dir='ltr'><strong>de</strong></span> <span class='ocrx_word' id='word_1_10' title='bbox 587 438 722 501; x_wconf 77' lang='lat' dir='ltr'><strong>Pantheo</strong></span> <span class='ocrx_word' id='word_1_11' title='bbox 737 436 907 519; x_wconf 86' lang='lat' dir='ltr'><strong>Othryade,</strong></span> <span class='ocrx_word' id='word_1_12' title='bbox 929 456 1021 520; x_wconf 82' lang='lat' dir='ltr'><strong>quesn</strong></span> <span class='ocrx_word' id='word_1_13' title='bbox 1033 458 1088 497; x_wconf 80' lang='lat' dir='ltr'><strong>nee</strong></span> <span class='ocrx_word' id='word_1_14' title='bbox 1094 439 1196 517; x_wconf 62' lang='lat' dir='ltr'><strong>prema</strong></span> <span class='ocrx_word' id='word_1_15' title='bbox 1209 459 1266 499; x_wconf 83' lang='lat' dir='ltr'><strong>neo</strong></span> <span class='ocrx_word' id='word_1_16' title='bbox 1278 441 1381 520; x_wconf 81' lang='lat' dir='ltr'><strong>Apol·</strong></span> 
     </span>
     <span class='ocr_line' id='line_1_3' title="bbox 280 531 564 599; baseline -0.032 -5"><span class='ocrx_word' id='word_1_17' title='bbox 280 538 352 599; x_wconf 62' lang='lat' dir='ltr'><strong>litio</strong></span> <span class='ocrx_word' id='word_1_18' title='bbox 365 537 400 593; x_wconf 79' lang='lat' dir='ltr'><strong>in</strong></span> <span class='ocrx_word' id='word_1_19' title='bbox 414 532 468 591; x_wconf 80' lang='lat' dir='ltr'><strong>ulo</strong></span> <span class='ocrx_word' id='word_1_20' title='bbox 484 531 564 587; x_wconf 61' lang='lat' dir='ltr'><strong>teau.</strong></span> 
     </span>
    </p>

    <p class='ocr_par' dir='ltr' id='par_1_3' title="bbox 279 533 1381 1126">
     <span class='ocr_line' id='line_1_4' title="bbox 364 533 1380 690; baseline -0.006 -13"><span class='ocrx_word' id='word_1_21' title='bbox 364 533 422 683; x_wconf 61' lang='lat' dir='ltr'><strong>fas</strong></span> <span class='ocrx_word' id='word_1_22' title='bbox 438 619 566 677; x_wconf 72' lang='lat' dir='ltr'><strong>citantur</strong></span> <span class='ocrx_word' id='word_1_23' title='bbox 585 609 619 671; x_wconf 92' lang='lat' dir='ltr'><strong>bi</strong></span> <span class='ocrx_word' id='word_1_24' title='bbox 636 621 697 670; x_wconf 89' lang='lat' dir='ltr'><strong>tres</strong></span> <span class='ocrx_word' id='word_1_25' title='bbox 718 611 829 671; x_wconf 85' lang='lat' dir='ltr'><strong>senarii</strong></span> <span class='ocrx_word' id='word_1_26' title='bbox 839 628 858 667; x_wconf 91' lang='lat' dir='ltr'><strong>a</strong></span> <span class='ocrx_word' id='word_1_27' title='bbox 871 606 966 669; x_wconf 77' lang='lat' dir='ltr'><strong>suida</strong></span> <span class='ocrx_word' id='word_1_28' title='bbox 979 610 1015 667; x_wconf 86' lang='lat' dir='ltr'><strong>in</strong></span> <span class='ocrx_word' id='word_1_29' title='bbox 1028 628 1058 667; x_wconf 78' lang='lat' dir='ltr'><strong>v.</strong></span> <span class='ocrx_word' id='word_1_30' title='bbox 1071 607 1190 690; x_wconf 76' lang='grc' dir='ltr'><strong>ἔγγυον.</strong></span> <span class='ocrx_word' id='word_1_31' title='bbox 1232 613 1380 671; x_wconf 74' lang='lat' dir='ltr'><strong>Aemilius</strong></span> 
     </span>
     <span class='ocr_line' id='line_1_5' title="bbox 279 690 1381 781; baseline -0.009 -15"><span class='ocrx_word' id='word_1_32' title='bbox 279 710 387 766; x_wconf 86' lang='lat' dir='ltr'><strong>Portus</strong></span> <span class='ocrx_word' id='word_1_33' title='bbox 400 704 516 781; x_wconf 76' lang='lat' dir='ltr'>legerat</span> <span class='ocrx_word' id='word_1_34' title='bbox 527 702 560 757; x_wconf 87' lang='lat' dir='ltr'><strong>in</strong></span> <span class='ocrx_word' id='word_1_35' title='bbox 573 695 705 758; x_wconf 83' lang='lat' dir='ltr'><strong>seeundo</strong></span> <span class='ocrx_word' id='word_1_36' title='bbox 720 690 858 775; x_wconf 76' lang='lat' dir='ltr'><strong>Xoopdou</strong></span> <span class='ocrx_word' id='word_1_37' title='bbox 871 694 1009 776; x_wconf 72' lang='grc' dir='ltr'><strong>λέγοντος</strong></span> <span class='ocrx_word' id='word_1_38' title='bbox 1023 714 1077 773; x_wconf 81' lang='lat' dir='ltr'><strong>pm</strong></span> <span class='ocrx_word' id='word_1_39' title='bbox 1091 690 1248 776; x_wconf 68' lang='grc' dir='ltr'><strong><em>λήγοντος,</em></strong></span> <span class='ocrx_word' id='word_1_40' title='bbox 1261 718 1297 757; x_wconf 85' lang='lat' dir='ltr'><strong>ao</strong></span> <span class='ocrx_word' id='word_1_41' title='bbox 1310 718 1381 777; x_wconf 91' lang='lat' dir='ltr'><strong>pro-</strong></span> 
     </span>
     <span class='ocr_line' id='line_1_6' title="bbox 280 780 1381 861; baseline -0.007 -11"><span class='ocrx_word' id='word_1_42' title='bbox 280 790 351 851; x_wconf 89' lang='lat' dir='ltr'><strong>inde</strong></span> <span class='ocrx_word' id='word_1_43' title='bbox 363 797 493 847; x_wconf 78' lang='lat' dir='ltr'><strong>verterat</strong></span> <span class='ocrx_word' id='word_1_44' title='bbox 508 792 659 843; x_wconf 73' lang='lat' dir='ltr'><strong>numento</strong></span> <span class='ocrx_word' id='word_1_45' title='bbox 673 801 726 861; x_wconf 87' lang='lat' dir='ltr'><strong>pro</strong></span> <span class='ocrx_word' id='word_1_46' title='bbox 746 780 909 855; x_wconf 73' lang='lat' dir='ltr'><strong>deficiente.</strong></span> <span class='ocrx_word' id='word_1_47' title='bbox 954 780 1076 839; x_wconf 80' lang='lat' dir='ltr'><strong>oonatsle</strong></span> <span class='ocrx_word' id='word_1_48' title='bbox 1099 799 1178 860; x_wconf 85' lang='lat' dir='ltr'><strong>quae</strong></span> <span class='ocrx_word' id='word_1_49' title='bbox 1202 785 1237 841; x_wconf 91' lang='lat' dir='ltr'><strong>in</strong></span> <span class='ocrx_word' id='word_1_50' title='bbox 1255 784 1317 843; x_wconf 83' lang='lat' dir='ltr'><strong>fine</strong></span> <span class='ocrx_word' id='word_1_51' title='bbox 1332 804 1381 842; x_wconf 90' lang='lat' dir='ltr'><strong>sa-</strong></span> 
     </span>
     <span class='ocr_line' id='line_1_7' title="bbox 281 864 1380 949; baseline -0.005 -14"><span class='ocrx_word' id='word_1_52' title='bbox 281 874 396 936; x_wconf 82' lang='lat' dir='ltr'><strong>eundae</strong></span> <span class='ocrx_word' id='word_1_53' title='bbox 416 884 446 931; x_wconf 82' lang='lat' dir='ltr'><strong>et</strong></span> <span class='ocrx_word' id='word_1_54' title='bbox 464 874 497 931; x_wconf 89' lang='lat' dir='ltr'><strong>in</strong></span> <span class='ocrx_word' id='word_1_55' title='bbox 515 870 662 949; x_wconf 86' lang='lat' dir='ltr'><strong>prinoipio</strong></span> <span class='ocrx_word' id='word_1_56' title='bbox 679 868 786 926; x_wconf 84' lang='lat' dir='ltr'><strong>tertiae</strong></span> <span class='ocrx_word' id='word_1_57' title='bbox 802 885 957 925; x_wconf 84' lang='lat' dir='ltr'><strong>aeroaseos</strong></span> <span class='ocrx_word' id='word_1_58' title='bbox 972 864 1010 925; x_wconf 78' lang='lat' dir='ltr'><strong>de</strong></span> <span class='ocrx_word' id='word_1_59' title='bbox 1022 866 1140 943; x_wconf 78' lang='lat' dir='ltr'><strong>Exped.</strong></span> <span class='ocrx_word' id='word_1_60' title='bbox 1160 864 1380 941; x_wconf 75' lang='lat' dir='ltr'><strong>adnotavimus,</strong></span> 
     </span>
     <span class='ocr_line' id='line_1_8' title="bbox 281 948 1381 1036; baseline -0.009 -15"><span class='ocrx_word' id='word_1_61' title='bbox 281 973 316 1021; x_wconf 88' lang='lat' dir='ltr'><strong>nt</strong></span> <span class='ocrx_word' id='word_1_62' title='bbox 329 960 480 1036; x_wconf 82' lang='lat' dir='ltr'><strong>intelligas</strong></span> <span class='ocrx_word' id='word_1_63' title='bbox 500 972 553 1014; x_wconf 84' lang='lat' dir='ltr'><strong>otu</strong></span> <span class='ocrx_word' id='word_1_64' title='bbox 570 952 620 1013; x_wconf 87' lang='lat' dir='ltr'><strong>bio</strong></span> <span class='ocrx_word' id='word_1_65' title='bbox 641 958 730 1031; x_wconf 67' lang='lat' dir='ltr'><strong>poeta</strong></span> <span class='ocrx_word' id='word_1_66' title='bbox 750 952 856 1011; x_wconf 87' lang='lat' dir='ltr'><strong>lunam</strong></span> <span class='ocrx_word' id='word_1_67' title='bbox 869 948 1005 1011; x_wconf 69' lang='lat' dir='ltr'><strong>hortabar</strong></span> <span class='ocrx_word' id='word_1_68' title='bbox 1020 961 1055 1009; x_wconf 92' lang='lat' dir='ltr'><strong>nt</strong></span> <span class='ocrx_word' id='word_1_69' title='bbox 1068 962 1188 1013; x_wconf 86' lang='lat' dir='ltr'><strong>mortuo</strong></span> <span class='ocrx_word' id='word_1_70' title='bbox 1201 951 1334 1015; x_wconf 84' lang='lat' dir='ltr'><strong>Cbosroa</strong></span> <span class='ocrx_word' id='word_1_71' title='bbox 1347 958 1381 1011; x_wconf 85' lang='lat' dir='ltr'><strong>in</strong></span> 
     </span>
     <span class='ocr_line' id='line_1_9' title="bbox 280 1033 916 1126; baseline -0.022 -19"><span class='ocrx_word' id='word_1_72' title='bbox 280 1066 335 1107; x_wconf 87' lang='lat' dir='ltr'><strong>suo</strong></span> <span class='ocrx_word' id='word_1_73' title='bbox 353 1044 520 1126; x_wconf 81' lang='lat' dir='ltr'><strong>plenilunio</strong></span> <span class='ocrx_word' id='word_1_74' title='bbox 536 1040 699 1099; x_wconf 75' lang='lat' dir='ltr'><strong>clarissime</strong></span> <span class='ocrx_word' id='word_1_75' title='bbox 715 1033 916 1116; x_wconf 87' lang='lat' dir='ltr'><strong>resplendeat.</strong></span> 
     </span>
    </p>

    <p class='ocr_par' dir='ltr' id='par_1_4' title="bbox 281 1118 1381 1381">
     <span class='ocr_line' id='line_1_10' title="bbox 366 1118 1381 1207; baseline -0.011 -16"><span class='ocrx_word' id='word_1_76' title='bbox 366 1135 398 1195; x_wconf 80' lang='lat'><strong>8·</strong></span> <span class='ocrx_word' id='word_1_77' title='bbox 440 1130 601 1207; x_wconf 71' lang='grc' dir='ltr'><strong><em>θεουργιῖν</em></strong></span> <span class='ocrx_word' id='word_1_78' title='bbox 612 1119 669 1202; x_wconf 75' lang='grc' dir='ltr'><strong>τὴν</strong></span> <span class='ocrx_word' id='word_1_79' title='bbox 680 1123 788 1199; x_wconf 71' lang='grc' dir='ltr'><strong>κτίσιν,</strong></span> <span class='ocrx_word' id='word_1_80' title='bbox 808 1121 949 1180; x_wconf 77' lang='lat' dir='ltr'><strong>honorem</strong></span> <span class='ocrx_word' id='word_1_81' title='bbox 961 1121 1014 1180; x_wconf 79' lang='lat' dir='ltr'><strong>deo</strong></span> <span class='ocrx_word' id='word_1_82' title='bbox 1030 1118 1164 1181; x_wconf 68' lang='lat' dir='ltr'><strong>debitam</strong></span> <span class='ocrx_word' id='word_1_83' title='bbox 1176 1122 1267 1181; x_wconf 81' lang='lat' dir='ltr'><strong>rebus</strong></span> <span class='ocrx_word' id='word_1_84' title='bbox 1277 1129 1381 1185; x_wconf 78' lang='lat' dir='ltr'><strong>creatis</strong></span> 
     </span>
     <span class='ocr_line' id='line_1_11' title="bbox 281 1205 1381 1293; baseline -0.005 -17"><span class='ocrx_word' id='word_1_85' title='bbox 281 1214 426 1287; x_wconf 59' lang='lat' dir='ltr'><strong>aihum</strong></span> <span class='ocrx_word' id='word_1_86' title='bbox 456 1208 539 1293; x_wconf 88' lang='lat' dir='ltr'><strong>quod</strong></span> <span class='ocrx_word' id='word_1_87' title='bbox 554 1212 607 1291; x_wconf 87' lang='lat' dir='ltr'><strong>qui</strong></span> <span class='ocrx_word' id='word_1_88' title='bbox 619 1210 748 1283; x_wconf 83' lang='lat' dir='ltr'><strong>faoiunt,</strong></span> <span class='ocrx_word' id='word_1_89' title='bbox 781 1209 846 1266; x_wconf 79' lang='lat' dir='ltr'><strong>veri</strong></span> <span class='ocrx_word' id='word_1_90' title='bbox 859 1217 930 1266; x_wconf 87' lang='lat' dir='ltr'><strong>sunt</strong></span> <span class='ocrx_word' id='word_1_91' title='bbox 939 1205 1116 1265; x_wconf 88' lang='lat' dir='ltr'><strong>idololatrae</strong></span> <span class='ocrx_word' id='word_1_92' title='bbox 1134 1219 1170 1266; x_wconf 88' lang='lat' dir='ltr'><strong>nt</strong></span> <span class='ocrx_word' id='word_1_93' title='bbox 1179 1212 1308 1286; x_wconf 87' lang='lat' dir='ltr'><strong>Persae,</strong></span> <span class='ocrx_word' id='word_1_94' title='bbox 1329 1217 1381 1292; x_wconf 86' lang='lat' dir='ltr'><strong>qni</strong></span> 
     </span>
     <span class='ocr_line' id='line_1_12' title="bbox 281 1290 1381 1381; baseline -0.007 -20"><span class='ocrx_word' id='word_1_95' title='bbox 281 1302 360 1361; x_wconf 90' lang='lat' dir='ltr'><strong>bona</strong></span> <span class='ocrx_word' id='word_1_96' title='bbox 373 1319 447 1381; x_wconf 84' lang='lat' dir='ltr'><strong>psoe</strong></span> <span class='ocrx_word' id='word_1_97' title='bbox 460 1294 598 1356; x_wconf 86' lang='lat' dir='ltr'><strong>Tbomae</strong></span> <span class='ocrx_word' id='word_1_98' title='bbox 611 1292 704 1375; x_wconf 83' lang='lat' dir='ltr'><strong>Hydii</strong></span> <span class='ocrx_word' id='word_1_99' title='bbox 719 1302 749 1351; x_wconf 86' lang='lat' dir='ltr'><strong>at</strong></span> <span class='ocrx_word' id='word_1_100' title='bbox 762 1312 869 1351; x_wconf 89' lang='lat' dir='ltr'><strong>eorum</strong></span> <span class='ocrx_word' id='word_1_101' title='bbox 881 1294 935 1373; x_wconf 89' lang='lat' dir='ltr'><strong>qui</strong></span> <span class='ocrx_word' id='word_1_102' title='bbox 947 1310 1018 1351; x_wconf 83' lang='lat' dir='ltr'><strong>oum</strong></span> <span class='ocrx_word' id='word_1_103' title='bbox 1029 1290 1131 1371; x_wconf 86' lang='lat' dir='ltr'><strong>Hydio</strong></span> <span class='ocrx_word' id='word_1_104' title='bbox 1142 1297 1283 1371; x_wconf 87' lang='lat' dir='ltr'><strong>sentiunt,</strong></span> <span class='ocrx_word' id='word_1_105' title='bbox 1295 1307 1381 1357; x_wconf 87' lang='lat' dir='ltr'><strong>erant</strong></span> 
     </span>
    </p>
   </div>
   <div class='ocr_carea' id='block_1_3' title="bbox 161 1376 861 1465">
    <p class='ocr_par' dir='ltr' id='par_1_5' title="bbox 161 1376 861 1465">
     <span class='ocr_line' id='line_1_13' title="bbox 161 1376 861 1465; baseline -0.013 -17"><span class='ocrx_word' id='word_1_106' title='bbox 161 1378 163 1381; x_wconf 36' lang='lat'>¹</span> <span class='ocrx_word' id='word_1_107' title='bbox 281 1404 384 1447; x_wconf 85' lang='lat' dir='ltr'><strong>revera</strong></span> <span class='ocrx_word' id='word_1_108' title='bbox 397 1376 594 1465; x_wconf 61' lang='lat' dir='ltr'><strong>dosotdw</strong></span> <span class='ocrx_word' id='word_1_109' title='bbox 607 1389 637 1438; x_wconf 88' lang='lat' dir='ltr'><strong>et</strong></span> <span class='ocrx_word' id='word_1_110' title='bbox 649 1376 861 1458; x_wconf 73' lang='lat' dir='ltr'><strong>nupooioispas.</strong></span> 
     </span>
    </p>
   </div>
   <div class='ocr_carea' id='block_1_4' title="bbox 263 1461 1466 4159">
    <p class='ocr_par' dir='ltr' id='par_1_6' title="bbox 281 1461 1380 1893">
     <span class='ocr_line' id='line_1_14' title="bbox 367 1461 1380 1546; baseline 0.001 -21"><span class='ocrx_word' id='word_1_111' title='bbox 367 1473 417 1534; x_wconf 87' lang='lat'><strong>10.</strong></span> <span class='ocrx_word' id='word_1_112' title='bbox 460 1461 589 1546; x_wconf 75' lang='grc' dir='ltr'><strong><em>φόνους,</em></strong></span> <span class='ocrx_word' id='word_1_113' title='bbox 610 1476 684 1544; x_wconf 87' lang='lat' dir='ltr'><strong>puto</strong></span> <span class='ocrx_word' id='word_1_114' title='bbox 695 1462 745 1523; x_wconf 90' lang='lat' dir='ltr'><strong>bio</strong></span> <span class='ocrx_word' id='word_1_115' title='bbox 763 1484 829 1522; x_wconf 87' lang='lat' dir='ltr'><strong>esse</strong></span> <span class='ocrx_word' id='word_1_116' title='bbox 844 1480 992 1543; x_wconf 83' lang='lat' dir='ltr'><strong>equorum</strong></span> <span class='ocrx_word' id='word_1_117' title='bbox 1005 1462 1160 1537; x_wconf 74' lang='lat' dir='ltr'><strong>saofilioia,</strong></span> <span class='ocrx_word' id='word_1_118' title='bbox 1182 1466 1259 1545; x_wconf 83' lang='lat' dir='ltr'><strong>qnos</strong></span> <span class='ocrx_word' id='word_1_119' title='bbox 1271 1467 1380 1526; x_wconf 88' lang='lat' dir='ltr'><strong>Persae</strong></span> 
     </span>
     <span class='ocr_line' id='line_1_15' title="bbox 281 1546 1380 1631; baseline -0.005 -15"><span class='ocrx_word' id='word_1_120' title='bbox 281 1553 339 1617; x_wconf 87' lang='lat' dir='ltr'><strong>soli</strong></span> <span class='ocrx_word' id='word_1_121' title='bbox 355 1552 561 1613; x_wconf 86' lang='lat' dir='ltr'><strong>immolabant.</strong></span> <span class='ocrx_word' id='word_1_122' title='bbox 604 1549 674 1609; x_wconf 82' lang='lat' dir='ltr'><strong>side</strong></span> <span class='ocrx_word' id='word_1_123' title='bbox 692 1550 729 1607; x_wconf 82' lang='lat' dir='ltr'><strong>de</strong></span> <span class='ocrx_word' id='word_1_124' title='bbox 748 1549 866 1627; x_wconf 75' lang='lat' dir='ltr'><strong>Exped-</strong></span> <span class='ocrx_word' id='word_1_125' title='bbox 889 1552 904 1611; x_wconf 91' lang='lat'>1</span> <span class='ocrx_word' id='word_1_126' title='bbox 924 1546 965 1611; x_wconf 77' lang='grc'><strong>24</strong></span> <span class='ocrx_word' id='word_1_127' title='bbox 983 1558 1013 1605; x_wconf 83' lang='lat' dir='ltr'><strong>et</strong></span> <span class='ocrx_word' id='word_1_128' title='bbox 1031 1568 1114 1627; x_wconf 81' lang='lat' dir='ltr'><strong>seqq.</strong></span> <span class='ocrx_word' id='word_1_129' title='bbox 1137 1549 1181 1607; x_wconf 89' lang='lat' dir='ltr'><strong>ibi</strong></span> <span class='ocrx_word' id='word_1_130' title='bbox 1199 1555 1380 1631; x_wconf 69' lang='lat' dir='ltr'><strong>enimpoeta</strong></span> 
     </span>
     <span class='ocr_line' id='line_1_16' title="bbox 281 1629 1379 1703; baseline -0.007 -1"><span class='ocrx_word' id='word_1_131' title='bbox 281 1646 441 1703; x_wconf 83' lang='lat' dir='ltr'><strong>Persarum</strong></span> <span class='ocrx_word' id='word_1_132' title='bbox 463 1638 621 1697; x_wconf 72' lang='lat' dir='ltr'><strong>stultitiam</strong></span> <span class='ocrx_word' id='word_1_133' title='bbox 641 1636 720 1695; x_wconf 80' lang='lat' dir='ltr'><strong>salse</strong></span> <span class='ocrx_word' id='word_1_134' title='bbox 737 1632 851 1693; x_wconf 86' lang='lat' dir='ltr'><strong>irridet.</strong></span> <span class='ocrx_word' id='word_1_135' title='bbox 894 1629 945 1691; x_wconf 87' lang='lat' dir='ltr'><strong>bio</strong></span> <span class='ocrx_word' id='word_1_136' title='bbox 959 1642 1062 1691; x_wconf 85' lang='lat' dir='ltr'><strong>autem</strong></span> <span class='ocrx_word' id='word_1_137' title='bbox 1078 1634 1173 1693; x_wconf 85' lang='lat' dir='ltr'><strong>solem</strong></span> <span class='ocrx_word' id='word_1_138' title='bbox 1187 1648 1293 1695; x_wconf 87' lang='lat' dir='ltr'><strong>monet</strong></span> <span class='ocrx_word' id='word_1_139' title='bbox 1310 1649 1344 1697; x_wconf 90' lang='lat' dir='ltr'><strong>nt</strong></span> <span class='ocrx_word' id='word_1_140' title='bbox 1362 1659 1379 1694; x_wconf 85' lang='lat' dir='ltr'><strong>a</strong></span> 
     </span>
     <span class='ocr_line' id='line_1_17' title="bbox 282 1718 1379 1805; baseline 0 -22"><span class='ocrx_word' id='word_1_141' title='bbox 282 1729 428 1805; x_wconf 74' lang='lat' dir='ltr'><strong>sangnine</strong></span> <span class='ocrx_word' id='word_1_142' title='bbox 450 1725 640 1781; x_wconf 80' lang='lat' dir='ltr'><strong>viotimannn</strong></span> <span class='ocrx_word' id='word_1_143' title='bbox 663 1740 695 1779; x_wconf 88' lang='lat' dir='ltr'><strong>se</strong></span> <span class='ocrx_word' id='word_1_144' title='bbox 709 1719 835 1778; x_wconf 80' lang='lat' dir='ltr'><strong>abluam</strong></span> <span class='ocrx_word' id='word_1_145' title='bbox 850 1718 991 1778; x_wconf 83' lang='lat' dir='ltr'><strong>omnibus</strong></span> <span class='ocrx_word' id='word_1_146' title='bbox 1005 1728 1148 1779; x_wconf 76' lang='lat' dir='ltr'><strong>testatm</strong></span> <span class='ocrx_word' id='word_1_147' title='bbox 1159 1720 1261 1799; x_wconf 83' lang='lat' dir='ltr'><strong>faeiat,</strong></span> <span class='ocrx_word' id='word_1_148' title='bbox 1282 1742 1317 1783; x_wconf 88' lang='lat' dir='ltr'><strong>se</strong></span> <span class='ocrx_word' id='word_1_149' title='bbox 1331 1743 1379 1782; x_wconf 88' lang='lat' dir='ltr'><strong>ra·</strong></span> 
     </span>
     <span class='ocr_line' id='line_1_18' title="bbox 282 1800 929 1893; baseline -0.015 -22"><span class='ocrx_word' id='word_1_150' title='bbox 282 1832 389 1893; x_wconf 90' lang='lat' dir='ltr'><strong>spuere</strong></span> <span class='ocrx_word' id='word_1_151' title='bbox 405 1808 548 1869; x_wconf 86' lang='lat' dir='ltr'><strong>saorifioia</strong></span> <span class='ocrx_word' id='word_1_152' title='bbox 561 1806 681 1863; x_wconf 89' lang='lat' dir='ltr'><strong>nonnisi</strong></span> <span class='ocrx_word' id='word_1_153' title='bbox 695 1802 751 1862; x_wconf 90' lang='lat' dir='ltr'><strong>deo</strong></span> <span class='ocrx_word' id='word_1_154' title='bbox 766 1800 929 1863; x_wconf 83' lang='lat' dir='ltr'><strong>offerenda.</strong></span> 
     </span>
    </p>

    <p class='ocr_par' dir='ltr' id='par_1_7' title="bbox 282 1885 1466 2739">
     <span class='ocr_line' id='line_1_19' title="bbox 370 1885 1380 1967; baseline -0.003 -16"><span class='ocrx_word' id='word_1_155' title='bbox 370 1893 419 1957; x_wconf 75' lang='lat'><strong>14.</strong></span> <span class='ocrx_word' id='word_1_156' title='bbox 463 1893 535 1951; x_wconf 84' lang='lat' dir='ltr'><strong>suite</strong></span> <span class='ocrx_word' id='word_1_157' title='bbox 553 1910 593 1948; x_wconf 87' lang='lat' dir='ltr'><strong>ex</strong></span> <span class='ocrx_word' id='word_1_158' title='bbox 604 1893 764 1948; x_wconf 77' lang='lat' dir='ltr'><strong>Persarum</strong></span> <span class='ocrx_word' id='word_1_159' title='bbox 778 1885 922 1949; x_wconf 85' lang='lat' dir='ltr'><strong>doetrina.</strong></span> <span class='ocrx_word' id='word_1_160' title='bbox 945 1885 1005 1946; x_wconf 90' lang='lat' dir='ltr'><strong>duo</strong></span> <span class='ocrx_word' id='word_1_161' title='bbox 1018 1888 1099 1947; x_wconf 88' lang='lat' dir='ltr'><strong>enim</strong></span> <span class='ocrx_word' id='word_1_162' title='bbox 1110 1897 1192 1946; x_wconf 86' lang='lat' dir='ltr'><strong>erant</strong></span> <span class='ocrx_word' id='word_1_163' title='bbox 1206 1888 1291 1967; x_wconf 87' lang='lat' dir='ltr'><strong>apud</strong></span> <span class='ocrx_word' id='word_1_164' title='bbox 1303 1894 1380 1949; x_wconf 86' lang='lat' dir='ltr'><strong>Per-</strong></span> 
     </span>
     <span class='ocr_line' id='line_1_20' title="bbox 283 1972 1380 2048; baseline -0.007 -7"><span class='ocrx_word' id='word_1_165' title='bbox 283 1999 332 2041; x_wconf 85' lang='lat' dir='ltr'><strong>sas</strong></span> <span class='ocrx_word' id='word_1_166' title='bbox 352 1995 469 2037; x_wconf 85' lang='lat' dir='ltr'><strong>summa</strong></span> <span class='ocrx_word' id='word_1_167' title='bbox 490 1977 616 2034; x_wconf 84' lang='lat' dir='ltr'><strong>numina</strong></span> <span class='ocrx_word' id='word_1_168' title='bbox 630 1972 812 2033; x_wconf 86' lang='lat' dir='ltr'><strong>Oromazdes</strong></span> <span class='ocrx_word' id='word_1_169' title='bbox 832 1984 862 2031; x_wconf 93' lang='lat' dir='ltr'><strong>et</strong></span> <span class='ocrx_word' id='word_1_170' title='bbox 876 1974 1066 2048; x_wconf 82' lang='lat' dir='ltr'><strong>Arimanius,</strong></span> <span class='ocrx_word' id='word_1_171' title='bbox 1094 1972 1150 2031; x_wconf 90' lang='lat' dir='ltr'><strong>sibi</strong></span> <span class='ocrx_word' id='word_1_172' title='bbox 1161 1976 1293 2033; x_wconf 81' lang='lat' dir='ltr'><strong>invicem</strong></span> <span class='ocrx_word' id='word_1_173' title='bbox 1304 1996 1380 2035; x_wconf 85' lang='lat' dir='ltr'><strong>oon-</strong></span> 
     </span>
     <span class='ocr_line' id='line_1_21' title="bbox 282 2058 1380 2142; baseline -0.003 -20"><span class='ocrx_word' id='word_1_174' title='bbox 282 2066 391 2139; x_wconf 86' lang='lat' dir='ltr'><strong>traria,</strong></span> <span class='ocrx_word' id='word_1_175' title='bbox 419 2078 549 2142; x_wconf 85' lang='lat' dir='ltr'><strong>quornm</strong></span> <span class='ocrx_word' id='word_1_176' title='bbox 566 2079 661 2119; x_wconf 88' lang='lat' dir='ltr'><strong>unum</strong></span> <span class='ocrx_word' id='word_1_177' title='bbox 682 2068 745 2117; x_wconf 85' lang='lat' dir='ltr'><strong>erat</strong></span> <span class='ocrx_word' id='word_1_178' title='bbox 767 2060 931 2135; x_wconf 81' lang='lat' dir='ltr'><strong>bonoram,</strong></span> <span class='ocrx_word' id='word_1_179' title='bbox 959 2058 1089 2121; x_wconf 86' lang='lat' dir='ltr'><strong>alterum</strong></span> <span class='ocrx_word' id='word_1_180' title='bbox 1103 2058 1250 2117; x_wconf 84' lang='lat' dir='ltr'><strong>malornm</strong></span> <span class='ocrx_word' id='word_1_181' title='bbox 1264 2060 1332 2121; x_wconf 84' lang='lat' dir='ltr'><strong>fons</strong></span> <span class='ocrx_word' id='word_1_182' title='bbox 1349 2072 1380 2119; x_wconf 92' lang='lat' dir='ltr'><strong>et</strong></span> 
     </span>
     <span class='ocr_line' id='line_1_22' title="bbox 282 2142 1381 2228; baseline -0.005 -20"><span class='ocrx_word' id='word_1_183' title='bbox 282 2151 382 2228; x_wconf 82' lang='lat' dir='ltr'><strong>origo:</strong></span> <span class='ocrx_word' id='word_1_184' title='bbox 406 2160 439 2206; x_wconf 92' lang='lat' dir='ltr'><strong>ut</strong></span> <span class='ocrx_word' id='word_1_185' title='bbox 455 2149 536 2205; x_wconf 87' lang='lat' dir='ltr'><strong>enim</strong></span> <span class='ocrx_word' id='word_1_186' title='bbox 552 2142 732 2205; x_wconf 85' lang='lat' dir='ltr'><strong>Oromazdes</strong></span> <span class='ocrx_word' id='word_1_187' title='bbox 748 2144 843 2219; x_wconf 88' lang='lat' dir='ltr'><strong>lueis,</strong></span> <span class='ocrx_word' id='word_1_188' title='bbox 864 2146 907 2201; x_wconf 88' lang='lat' dir='ltr'><strong>ita</strong></span> <span class='ocrx_word' id='word_1_189' title='bbox 921 2146 1095 2203; x_wconf 87' lang='lat' dir='ltr'><strong>Arimsnius</strong></span> <span class='ocrx_word' id='word_1_190' title='bbox 1109 2155 1211 2202; x_wconf 83' lang='lat' dir='ltr'><strong>auctor</strong></span> <span class='ocrx_word' id='word_1_191' title='bbox 1223 2146 1321 2203; x_wconf 88' lang='lat' dir='ltr'><strong>fuerat</strong></span> <span class='ocrx_word' id='word_1_192' title='bbox 1333 2157 1381 2204; x_wconf 90' lang='lat' dir='ltr'><strong>te-</strong></span> 
     </span>
     <span class='ocr_line' id='line_1_23' title="bbox 283 2227 1381 2308; baseline -0.004 -15"><span class='ocrx_word' id='word_1_193' title='bbox 283 2235 454 2294; x_wconf 84' lang='lat' dir='ltr'><strong>nebrarum.</strong></span> <span class='ocrx_word' id='word_1_194' title='bbox 497 2230 569 2291; x_wconf 93' lang='lat' dir='ltr'><strong>bino</strong></span> <span class='ocrx_word' id='word_1_195' title='bbox 582 2242 682 2291; x_wconf 78' lang='lat' dir='ltr'><strong>tanao</strong></span> <span class='ocrx_word' id='word_1_196' title='bbox 696 2227 793 2291; x_wconf 89' lang='lat' dir='ltr'><strong>bonor</strong></span> <span class='ocrx_word' id='word_1_197' title='bbox 805 2230 863 2289; x_wconf 88' lang='lat' dir='ltr'><strong>soli</strong></span> <span class='ocrx_word' id='word_1_198' title='bbox 878 2230 941 2287; x_wconf 84' lang='lat' dir='ltr'><strong>luei</strong></span> <span class='ocrx_word' id='word_1_199' title='bbox 955 2238 985 2287; x_wconf 95' lang='lat' dir='ltr'><strong>et</strong></span> <span class='ocrx_word' id='word_1_200' title='bbox 997 2232 1063 2308; x_wconf 76' lang='lat' dir='ltr'><strong>igni</strong></span> <span class='ocrx_word' id='word_1_201' title='bbox 1072 2227 1196 2289; x_wconf 82' lang='lat' dir='ltr'><strong>babitus</strong></span> <span class='ocrx_word' id='word_1_202' title='bbox 1213 2241 1260 2289; x_wconf 88' lang='lat' dir='ltr'><strong>est</strong></span> <span class='ocrx_word' id='word_1_203' title='bbox 1278 2234 1381 2290; x_wconf 87' lang='lat' dir='ltr'><strong>aPer-</strong></span> 
     </span>
     <span class='ocr_line' id='line_1_24' title="bbox 283 2315 1380 2397; baseline -0.005 -17"><span class='ocrx_word' id='word_1_204' title='bbox 283 2324 343 2395; x_wconf 92' lang='lat' dir='ltr'><strong>sis,</strong></span> <span class='ocrx_word' id='word_1_205' title='bbox 372 2330 404 2379; x_wconf 91' lang='lat' dir='ltr'><strong>ut</strong></span> <span class='ocrx_word' id='word_1_206' title='bbox 420 2318 520 2377; x_wconf 77' lang='lat' dir='ltr'><strong>ubivis</strong></span> <span class='ocrx_word' id='word_1_207' title='bbox 535 2318 672 2377; x_wconf 88' lang='lat' dir='ltr'><strong>looorum</strong></span> <span class='ocrx_word' id='word_1_208' title='bbox 686 2326 788 2377; x_wconf 82' lang='lat' dir='ltr'><strong>essent</strong></span> <span class='ocrx_word' id='word_1_209' title='bbox 803 2318 934 2373; x_wconf 78' lang='lat' dir='ltr'><strong>excitata</strong></span> <span class='ocrx_word' id='word_1_210' title='bbox 949 2315 1082 2393; x_wconf 87' lang='lat' dir='ltr'><strong>templa,</strong></span> <span class='ocrx_word' id='word_1_211' title='bbox 1108 2333 1187 2395; x_wconf 87' lang='lat' dir='ltr'><strong>quae</strong></span> <span class='ocrx_word' id='word_1_212' title='bbox 1205 2322 1317 2397; x_wconf 70' lang='lat' dir='ltr'><strong>mpetu</strong></span> <span class='ocrx_word' id='word_1_213' title='bbox 1333 2318 1380 2375; x_wconf 81' lang='lat' dir='ltr'><strong>eet</strong></span> 
     </span>
     <span class='ocr_line' id='line_1_25' title="bbox 283 2401 1379 2487; baseline -0.005 -20"><span class='ocrx_word' id='word_1_214' title='bbox 283 2409 450 2487; x_wconf 66' lang='lat' dir='ltr'><strong>mortisia</strong></span> <span class='ocrx_word' id='word_1_215' title='bbox 463 2402 656 2466; x_wconf 82' lang='lat' dir='ltr'><strong>vocabantur.</strong></span> <span class='ocrx_word' id='word_1_216' title='bbox 700 2404 781 2461; x_wconf 88' lang='lat' dir='ltr'><strong>intus</strong></span> <span class='ocrx_word' id='word_1_217' title='bbox 796 2402 877 2459; x_wconf 89' lang='lat' dir='ltr'><strong>enim</strong></span> <span class='ocrx_word' id='word_1_218' title='bbox 892 2401 974 2479; x_wconf 78' lang='lat' dir='ltr'><strong>ignis</strong></span> <span class='ocrx_word' id='word_1_219' title='bbox 986 2419 1077 2479; x_wconf 89' lang='lat' dir='ltr'><strong>super</strong></span> <span class='ocrx_word' id='word_1_220' title='bbox 1094 2419 1162 2459; x_wconf 89' lang='lat' dir='ltr'><strong>aras</strong></span> <span class='ocrx_word' id='word_1_221' title='bbox 1175 2404 1293 2480; x_wconf 85' lang='lat' dir='ltr'><strong>positus</strong></span> <span class='ocrx_word' id='word_1_222' title='bbox 1312 2402 1379 2461; x_wconf 89' lang='lat' dir='ltr'><strong>reli-</strong></span> 
     </span>
     <span class='ocr_line' id='line_1_26' title="bbox 284 2486 1378 2568; baseline -0.002 -21"><span class='ocrx_word' id='word_1_223' title='bbox 284 2492 453 2568; x_wconf 83' lang='lat' dir='ltr'><strong>giosissime</strong></span> <span class='ocrx_word' id='word_1_224' title='bbox 467 2486 628 2561; x_wconf 72' lang='lat' dir='ltr'><strong>relabatur,</strong></span> <span class='ocrx_word' id='word_1_225' title='bbox 648 2488 701 2567; x_wconf 91' lang='lat' dir='ltr'><strong>qui</strong></span> <span class='ocrx_word' id='word_1_226' title='bbox 714 2506 753 2545; x_wconf 84' lang='lat' dir='ltr'><strong>ne</strong></span> <span class='ocrx_word' id='word_1_227' title='bbox 768 2505 903 2566; x_wconf 86' lang='lat' dir='ltr'><strong>unquam</strong></span> <span class='ocrx_word' id='word_1_228' title='bbox 916 2486 1150 2563; x_wconf 76' lang='lat' dir='ltr'><strong>extingueretur,</strong></span> <span class='ocrx_word' id='word_1_229' title='bbox 1172 2489 1307 2545; x_wconf 83' lang='lat' dir='ltr'><strong>maxima</strong></span> <span class='ocrx_word' id='word_1_230' title='bbox 1318 2497 1378 2547; x_wconf 89' lang='lat' dir='ltr'><strong>erat</strong></span> 
     </span>
     <span class='ocr_line' id='line_1_27' title="bbox 283 2563 1466 2651; baseline -0.003 -17"><span class='ocrx_word' id='word_1_231' title='bbox 283 2576 443 2651; x_wconf 81' lang='lat' dir='ltr'><strong>Magorum</strong></span> <span class='ocrx_word' id='word_1_232' title='bbox 453 2591 536 2631; x_wconf 79' lang='lat' dir='ltr'><strong>otus.</strong></span> <span class='ocrx_word' id='word_1_233' title='bbox 576 2580 709 2650; x_wconf 75' lang='lat' dir='ltr'><strong>praestat</strong></span> <span class='ocrx_word' id='word_1_234' title='bbox 721 2573 822 2649; x_wconf 86' lang='lat' dir='ltr'><strong>legere</strong></span> <span class='ocrx_word' id='word_1_235' title='bbox 833 2567 979 2629; x_wconf 86' lang='lat' dir='ltr'><strong>Bruokeri</strong></span> <span class='ocrx_word' id='word_1_236' title='bbox 994 2571 1078 2629; x_wconf 81' lang='lat' dir='ltr'><strong>Hs&#39;st.</strong></span> <span class='ocrx_word' id='word_1_237' title='bbox 1096 2573 1163 2628; x_wconf 81' lang='lat' dir='ltr'><strong>orit.</strong></span> <span class='ocrx_word' id='word_1_238' title='bbox 1179 2570 1295 2631; x_wconf 76' lang='lat' dir='ltr'><strong>Philas.</strong></span> <span class='ocrx_word' id='word_1_239' title='bbox 1306 2584 1373 2631; x_wconf 82' lang='lat' dir='ltr'><strong>tom.</strong></span> <span class='ocrx_word' id='word_1_240' title='bbox 1462 2563 1466 2570; x_wconf 68' lang='grc'><strong>’</strong></span> 
     </span>
     <span class='ocr_line' id='line_1_28' title="bbox 285 2654 1378 2739; baseline 0.003 -25"><span class='ocrx_word' id='word_1_241' title='bbox 285 2660 303 2721; x_wconf 92' lang='grc'><strong>1</strong></span> <span class='ocrx_word' id='word_1_242' title='bbox 322 2654 376 2715; x_wconf 83' lang='lat' dir='ltr'><strong>lib.</strong></span> <span class='ocrx_word' id='word_1_243' title='bbox 393 2662 424 2732; x_wconf 81' lang='lat'><strong>2,</strong></span> <span class='ocrx_word' id='word_1_244' title='bbox 446 2675 505 2737; x_wconf 92' lang='lat' dir='ltr'><strong>quo</strong></span> <span class='ocrx_word' id='word_1_245' title='bbox 519 2676 609 2714; x_wconf 84' lang='lat' dir='ltr'><strong>nemo</strong></span> <span class='ocrx_word' id='word_1_246' title='bbox 623 2656 734 2715; x_wconf 87' lang='lat' dir='ltr'><strong>melius</strong></span> <span class='ocrx_word' id='word_1_247' title='bbox 746 2659 906 2715; x_wconf 80' lang='lat' dir='ltr'><strong>Persarum</strong></span> <span class='ocrx_word' id='word_1_248' title='bbox 921 2664 1052 2735; x_wconf 78' lang='lat' dir='ltr'><strong>systema</strong></span> <span class='ocrx_word' id='word_1_249' title='bbox 1064 2656 1240 2735; x_wconf 78' lang='lat' dir='ltr'><strong>explicarit.</strong></span> <span class='ocrx_word' id='word_1_250' title='bbox 1280 2660 1378 2739; x_wconf 86' lang='lat' dir='ltr'><strong>itaque</strong></span> 
     </span>
    </p>

    <p class='ocr_par' dir='ltr' id='par_1_8' title="bbox 263 2738 1386 3500">
     <span class='ocr_line' id='line_1_29' title="bbox 263 2738 1379 2822; baseline 0.001 -21"><span class='ocrx_word' id='word_1_251' title='bbox 263 2786 268 2793; x_wconf 87' lang='lat'><em>.</em></span> <span class='ocrx_word' id='word_1_252' title='bbox 281 2740 386 2803; x_wconf 85' lang='lat' dir='ltr'><strong>Pisida</strong></span> <span class='ocrx_word' id='word_1_253' title='bbox 399 2762 440 2799; x_wconf 83' lang='lat' dir='ltr'><strong>ex</strong></span> <span class='ocrx_word' id='word_1_254' title='bbox 451 2744 612 2801; x_wconf 80' lang='lat' dir='ltr'><strong>Persarum</strong></span> <span class='ocrx_word' id='word_1_255' title='bbox 625 2742 744 2819; x_wconf 80' lang='lat' dir='ltr'><strong>placitis</strong></span> <span class='ocrx_word' id='word_1_256' title='bbox 759 2739 831 2799; x_wconf 90' lang='lat' dir='ltr'><strong>dioit</strong></span> <span class='ocrx_word' id='word_1_257' title='bbox 848 2738 1012 2800; x_wconf 74' lang='lat' dir='ltr'><strong>chosroem</strong></span> <span class='ocrx_word' id='word_1_258' title='bbox 1027 2760 1044 2799; x_wconf 88' lang='lat' dir='ltr'><strong>a</strong></span> <span class='ocrx_word' id='word_1_259' title='bbox 1059 2742 1144 2814; x_wconf 85' lang='lat' dir='ltr'><strong>luce,</strong></span> <span class='ocrx_word' id='word_1_260' title='bbox 1168 2761 1262 2822; x_wconf 90' lang='lat' dir='ltr'><strong>quam</strong></span> <span class='ocrx_word' id='word_1_261' title='bbox 1274 2742 1379 2802; x_wconf 90' lang='lat' dir='ltr'><strong>adora-</strong></span> 
     </span>
     <span class='ocr_line' id='line_1_30' title="bbox 284 2822 1381 2906; baseline 0.002 -19"><span class='ocrx_word' id='word_1_262' title='bbox 284 2828 352 2902; x_wconf 81' lang='lat' dir='ltr'><strong>bat,</strong></span> <span class='ocrx_word' id='word_1_263' title='bbox 369 2828 401 2884; x_wconf 89' lang='lat' dir='ltr'><strong>iu</strong></span> <span class='ocrx_word' id='word_1_264' title='bbox 413 2826 566 2901; x_wconf 81' lang='lat' dir='ltr'><strong>tenebras,</strong></span> <span class='ocrx_word' id='word_1_265' title='bbox 588 2824 621 2885; x_wconf 89' lang='lat' dir='ltr'><strong>id</strong></span> <span class='ocrx_word' id='word_1_266' title='bbox 636 2828 725 2885; x_wconf 88' lang='lat' dir='ltr'><strong>estin</strong></span> <span class='ocrx_word' id='word_1_267' title='bbox 742 2836 921 2906; x_wconf 86' lang='lat' dir='ltr'><strong>potestatem</strong></span> <span class='ocrx_word' id='word_1_268' title='bbox 933 2822 1055 2899; x_wconf 87' lang='lat' dir='ltr'><strong>dioboli,</strong></span> <span class='ocrx_word' id='word_1_269' title='bbox 1078 2823 1240 2885; x_wconf 75' lang='lat' dir='ltr'><strong>cecidisse:</strong></span> <span class='ocrx_word' id='word_1_270' title='bbox 1261 2832 1290 2889; x_wconf 89' lang='lat' dir='ltr'><strong>si</strong></span> <span class='ocrx_word' id='word_1_271' title='bbox 1302 2832 1381 2889; x_wconf 83' lang='lat' dir='ltr'><strong>enim</strong></span> 
     </span>
     <span class='ocr_line' id='line_1_31' title="bbox 282 2908 1382 2991; baseline 0 -20"><span class='ocrx_word' id='word_1_272' title='bbox 282 2914 346 2971; x_wconf 84' lang='lat' dir='ltr'><strong>ulla</strong></span> <span class='ocrx_word' id='word_1_273' title='bbox 359 2908 433 2971; x_wconf 81' lang='lat' dir='ltr'><strong>lidos</strong></span> <span class='ocrx_word' id='word_1_274' title='bbox 446 2912 595 2971; x_wconf 83' lang='lat' dir='ltr'><strong>Arabibua</strong></span> <span class='ocrx_word' id='word_1_275' title='bbox 608 2912 811 2989; x_wconf 75' lang='lat' dir='ltr'><strong>scriptoribus,</strong></span> <span class='ocrx_word' id='word_1_276' title='bbox 824 2908 994 2971; x_wconf 79' lang='lat' dir='ltr'><strong>sbulredse</strong></span> <span class='ocrx_word' id='word_1_277' title='bbox 1008 2912 1179 2971; x_wconf 86' lang='lat' dir='ltr'><strong>testimonio</strong></span> <span class='ocrx_word' id='word_1_278' title='bbox 1192 2912 1275 2991; x_wconf 89' lang='lat' dir='ltr'><strong>apud</strong></span> <span class='ocrx_word' id='word_1_279' title='bbox 1288 2916 1382 2973; x_wconf 87' lang='lat' dir='ltr'><strong>Pooo-</strong></span> 
     </span>
     <span class='ocr_line' id='line_1_32' title="bbox 283 2993 1383 3076; baseline -0.001 -19"><span class='ocrx_word' id='word_1_280' title='bbox 283 2996 387 3057; x_wconf 83' lang='lat' dir='ltr'><strong>okiurn</strong></span> <span class='ocrx_word' id='word_1_281' title='bbox 404 2998 491 3076; x_wconf 79' lang='lat' dir='ltr'><strong>Sper.</strong></span> <span class='ocrx_word' id='word_1_282' title='bbox 508 2996 578 3055; x_wconf 69' lang='lat' dir='ltr'><strong>hist.</strong></span> <span class='ocrx_word' id='word_1_283' title='bbox 593 2994 695 3055; x_wconf 86' lang='lat' dir='ltr'><strong>Arob.</strong></span> <span class='ocrx_word' id='word_1_284' title='bbox 713 3017 747 3073; x_wconf 86' lang='lat' dir='ltr'><strong>p.</strong></span> <span class='ocrx_word' id='word_1_285' title='bbox 762 2994 897 3061; x_wconf 73' lang='lat' dir='ltr'><strong>1461ux</strong></span> <span class='ocrx_word' id='word_1_286' title='bbox 913 3006 958 3055; x_wconf 86' lang='lat' dir='ltr'><strong>est</strong></span> <span class='ocrx_word' id='word_1_287' title='bbox 969 2996 1069 3055; x_wconf 87' lang='lat' dir='ltr'><strong>Persis</strong></span> <span class='ocrx_word' id='word_1_288' title='bbox 1084 2993 1168 3055; x_wconf 88' lang='lat' dir='ltr'><strong>idem</strong></span> <span class='ocrx_word' id='word_1_289' title='bbox 1182 3015 1218 3055; x_wconf 87' lang='lat' dir='ltr'><strong>ae</strong></span> <span class='ocrx_word' id='word_1_290' title='bbox 1234 2996 1307 3057; x_wconf 90' lang='lat' dir='ltr'><strong>deus</strong></span> <span class='ocrx_word' id='word_1_291' title='bbox 1325 2998 1383 3056; x_wconf 95' lang='lat' dir='ltr'><strong>bo-</strong></span> 
     </span>
     <span class='ocr_line' id='line_1_33' title="bbox 282 3078 1383 3158; baseline -0.001 -15"><span class='ocrx_word' id='word_1_292' title='bbox 282 3103 358 3158; x_wconf 89' lang='lat' dir='ltr'><strong>nus,</strong></span> <span class='ocrx_word' id='word_1_293' title='bbox 391 3092 426 3141; x_wconf 83' lang='lat' dir='ltr'><strong>et</strong></span> <span class='ocrx_word' id='word_1_294' title='bbox 438 3082 579 3143; x_wconf 79' lang='lat' dir='ltr'><strong>tenebrae</strong></span> <span class='ocrx_word' id='word_1_295' title='bbox 598 3078 745 3141; x_wconf 88' lang='lat' dir='ltr'><strong>diabolus.</strong></span> <span class='ocrx_word' id='word_1_296' title='bbox 788 3090 821 3138; x_wconf 91' lang='lat' dir='ltr'><strong>at</strong></span> <span class='ocrx_word' id='word_1_297' title='bbox 832 3079 934 3141; x_wconf 88' lang='lat' dir='ltr'><strong>Pisida</strong></span> <span class='ocrx_word' id='word_1_298' title='bbox 949 3080 1052 3141; x_wconf 84' lang='lat' dir='ltr'><strong>forsan</strong></span> <span class='ocrx_word' id='word_1_299' title='bbox 1063 3078 1115 3139; x_wconf 89' lang='lat' dir='ltr'><strong>hio</strong></span> <span class='ocrx_word' id='word_1_300' title='bbox 1130 3100 1275 3141; x_wconf 88' lang='lat' dir='ltr'><strong>oaroerem</strong></span> <span class='ocrx_word' id='word_1_301' title='bbox 1287 3086 1383 3142; x_wconf 83' lang='lat' dir='ltr'><strong>etiem</strong></span> 
     </span>
     <span class='ocr_line' id='line_1_34' title="bbox 283 3164 1383 3248; baseline -0.001 -21"><span class='ocrx_word' id='word_1_302' title='bbox 283 3167 432 3247; x_wconf 78' lang='lat' dir='ltr'><strong>designat,</strong></span> <span class='ocrx_word' id='word_1_303' title='bbox 454 3170 487 3227; x_wconf 89' lang='lat' dir='ltr'><strong>in</strong></span> <span class='ocrx_word' id='word_1_304' title='bbox 505 3186 595 3248; x_wconf 85' lang='lat' dir='ltr'><strong>quem</strong></span> <span class='ocrx_word' id='word_1_305' title='bbox 607 3164 753 3226; x_wconf 74' lang='lat' dir='ltr'><strong>chosroes</strong></span> <span class='ocrx_word' id='word_1_306' title='bbox 768 3166 872 3227; x_wconf 85' lang='lat' dir='ltr'><strong>Siroae</strong></span> <span class='ocrx_word' id='word_1_307' title='bbox 886 3166 942 3224; x_wconf 83' lang='lat' dir='ltr'><strong>lilii</strong></span> <span class='ocrx_word' id='word_1_308' title='bbox 956 3168 1041 3226; x_wconf 84' lang='lat' dir='ltr'><strong>itusu</strong></span> <span class='ocrx_word' id='word_1_309' title='bbox 1058 3168 1206 3225; x_wconf 84' lang='lat' dir='ltr'><strong>coniectus</strong></span> <span class='ocrx_word' id='word_1_310' title='bbox 1221 3177 1282 3242; x_wconf 85' lang='lat' dir='ltr'><strong>est,</strong></span> <span class='ocrx_word' id='word_1_311' title='bbox 1302 3187 1383 3248; x_wconf 87' lang='lat' dir='ltr'><strong>qnae</strong></span> 
     </span>
     <span class='ocr_line' id='line_1_35' title="bbox 283 3246 1384 3330; baseline 0.003 -18"><span class='ocrx_word' id='word_1_312' title='bbox 283 3254 444 3312; x_wconf 83' lang='lat' dir='ltr'><strong>vooabatnr</strong></span> <span class='ocrx_word' id='word_1_313' title='bbox 466 3246 590 3327; x_wconf 64' lang='lat' dir='ltr'><strong>dulsos</strong></span> <span class='ocrx_word' id='word_1_314' title='bbox 608 3254 666 3313; x_wconf 80' lang='lat' dir='ltr'><strong>soti</strong></span> <span class='ocrx_word' id='word_1_315' title='bbox 685 3246 812 3326; x_wconf 78' lang='grc' dir='ltr'><strong>σκότου,</strong></span> <span class='ocrx_word' id='word_1_316' title='bbox 843 3260 877 3311; x_wconf 91' lang='lat' dir='ltr'><strong>ut</strong></span> <span class='ocrx_word' id='word_1_317' title='bbox 896 3262 998 3310; x_wconf 85' lang='lat' dir='ltr'><strong>narrat</strong></span> <span class='ocrx_word' id='word_1_318' title='bbox 1018 3247 1221 3329; x_wconf 86' lang='lat' dir='ltr'><strong>Theophanes</strong></span> <span class='ocrx_word' id='word_1_319' title='bbox 1242 3273 1280 3330; x_wconf 80' lang='lat' dir='ltr'><strong>p.</strong></span> <span class='ocrx_word' id='word_1_320' title='bbox 1308 3257 1384 3327; x_wconf 82' lang='lat'><strong>271,</strong></span> 
     </span>
     <span class='ocr_line' id='line_1_36' title="bbox 284 3336 1386 3500; baseline 0.004 -105"><span class='ocrx_word' id='word_1_321' title='bbox 284 3339 420 3500; x_wconf 48' lang='lat' dir='ltr'><strong>quiphpt</strong></span> <span class='ocrx_word' id='word_1_322' title='bbox 438 3336 511 3395; x_wconf 90' lang='lat' dir='ltr'><strong>alibi</strong></span> <span class='ocrx_word' id='word_1_323' title='bbox 531 3339 721 3413; x_wconf 75' lang='lat' dir='ltr'><strong>mensurnus,</strong></span> <span class='ocrx_word' id='word_1_324' title='bbox 748 3337 875 3395; x_wconf 86' lang='lat' dir='ltr'><strong>minime</strong></span> <span class='ocrx_word' id='word_1_325' title='bbox 897 3338 1045 3398; x_wconf 77' lang='lat' dir='ltr'><strong>consentit</strong></span> <span class='ocrx_word' id='word_1_326' title='bbox 1065 3356 1134 3395; x_wconf 84' lang='lat' dir='ltr'><strong>oum</strong></span> <span class='ocrx_word' id='word_1_327' title='bbox 1147 3348 1248 3397; x_wconf 90' lang='lat' dir='ltr'><strong>nostro</strong></span> <span class='ocrx_word' id='word_1_328' title='bbox 1265 3338 1386 3399; x_wconf 87' lang='lat' dir='ltr'><strong>iambo-</strong></span> 
     </span>
     <span class='ocr_line' id='line_1_37' title="bbox 284 3440 411 3499; baseline 0 -20"><span class='ocrx_word' id='word_1_329' title='bbox 284 3440 337 3499; x_wconf 74' lang='lat' dir='ltr'><strong>gra</strong></span> <span class='ocrx_word' id='word_1_330' title='bbox 402 3460 411 3479; x_wconf 89' lang='lat'><strong>.</strong></span> 
     </span>
    </p>

    <p class='ocr_par' dir='ltr' id='par_1_9' title="bbox 284 3500 1386 3751">
     <span class='ocr_line' id='line_1_38' title="bbox 370 3500 1386 3587; baseline 0.005 -26"><span class='ocrx_word' id='word_1_331' title='bbox 370 3502 420 3569; x_wconf 84' lang='lat'><strong>15.</strong></span> <span class='ocrx_word' id='word_1_332' title='bbox 462 3500 628 3579; x_wconf 84' lang='lat' dir='ltr'><strong>Persidem,</strong></span> <span class='ocrx_word' id='word_1_333' title='bbox 649 3505 683 3565; x_wconf 86' lang='lat' dir='ltr'><strong>in</strong></span> <span class='ocrx_word' id='word_1_334' title='bbox 694 3524 752 3587; x_wconf 85' lang='lat' dir='ltr'><strong>qua</strong></span> <span class='ocrx_word' id='word_1_335' title='bbox 766 3516 851 3565; x_wconf 88' lang='lat' dir='ltr'><strong>erant</strong></span> <span class='ocrx_word' id='word_1_336' title='bbox 862 3505 973 3585; x_wconf 90' lang='lat' dir='ltr'><strong>ubique</strong></span> <span class='ocrx_word' id='word_1_337' title='bbox 982 3505 1089 3564; x_wconf 86' lang='lat' dir='ltr'><strong>altaria</strong></span> <span class='ocrx_word' id='word_1_338' title='bbox 1100 3506 1134 3567; x_wconf 89' lang='lat' dir='ltr'><strong>in</strong></span> <span class='ocrx_word' id='word_1_339' title='bbox 1146 3502 1298 3565; x_wconf 86' lang='lat' dir='ltr'><strong>honorem</strong></span> <span class='ocrx_word' id='word_1_340' title='bbox 1310 3508 1386 3587; x_wconf 85' lang='lat' dir='ltr'><strong>ignis</strong></span> 
     </span>
     <span class='ocr_line' id='line_1_39' title="bbox 284 3588 1386 3671; baseline 0.004 -22"><span class='ocrx_word' id='word_1_341' title='bbox 284 3598 446 3665; x_wconf 77' lang='lat' dir='ltr'><strong>exstructa,</strong></span> <span class='ocrx_word' id='word_1_342' title='bbox 467 3588 591 3664; x_wconf 82' lang='lat' dir='ltr'><strong>fornaci,</strong></span> <span class='ocrx_word' id='word_1_343' title='bbox 613 3592 651 3649; x_wconf 83' lang='lat' dir='ltr'><strong>in</strong></span> <span class='ocrx_word' id='word_1_344' title='bbox 660 3610 752 3670; x_wconf 84' lang='lat' dir='ltr'><strong>quarn</strong></span> <span class='ocrx_word' id='word_1_345' title='bbox 763 3592 873 3651; x_wconf 84' lang='lat' dir='ltr'><strong>Daniel</strong></span> <span class='ocrx_word' id='word_1_346' title='bbox 887 3601 931 3649; x_wconf 85' lang='lat' dir='ltr'><strong>est</strong></span> <span class='ocrx_word' id='word_1_347' title='bbox 946 3592 1088 3665; x_wconf 87' lang='lat' dir='ltr'><strong>inieotus,</strong></span> <span class='ocrx_word' id='word_1_348' title='bbox 1110 3610 1173 3649; x_wconf 91' lang='lat' dir='ltr'><strong>non</strong></span> <span class='ocrx_word' id='word_1_349' title='bbox 1186 3590 1318 3671; x_wconf 87' lang='lat' dir='ltr'><strong>illepide</strong></span> <span class='ocrx_word' id='word_1_350' title='bbox 1333 3590 1386 3653; x_wconf 86' lang='lat' dir='ltr'><strong>ad-</strong></span> 
     </span>
     <span class='ocr_line' id='line_1_40' title="bbox 284 3674 1280 3751; baseline 0.004 -18"><span class='ocrx_word' id='word_1_351' title='bbox 284 3678 406 3751; x_wconf 84' lang='lat' dir='ltr'><strong>similat,</strong></span> <span class='ocrx_word' id='word_1_352' title='bbox 428 3686 462 3735; x_wconf 87' lang='lat' dir='ltr'><strong>ut</strong></span> <span class='ocrx_word' id='word_1_353' title='bbox 474 3676 634 3735; x_wconf 85' lang='lat' dir='ltr'><strong>Danielem</strong></span> <span class='ocrx_word' id='word_1_354' title='bbox 647 3676 777 3737; x_wconf 86' lang='lat' dir='ltr'><strong>alterum</strong></span> <span class='ocrx_word' id='word_1_355' title='bbox 787 3676 880 3741; x_wconf 69' lang='lat' dir='ltr'><strong>fuisse</strong></span> <span class='ocrx_word' id='word_1_356' title='bbox 895 3674 1077 3735; x_wconf 87' lang='lat' dir='ltr'><strong>demonstret</strong></span> <span class='ocrx_word' id='word_1_357' title='bbox 1089 3677 1280 3737; x_wconf 76' lang='lat' dir='ltr'><strong>Heraclisun.</strong></span> 
     </span>
    </p>

    <p class='ocr_par' dir='ltr' id='par_1_10' title="bbox 369 3760 738 3827">
     <span class='ocr_line' id='line_1_41' title="bbox 369 3760 738 3827; baseline 0.005 -11"><span class='ocrx_word' id='word_1_358' title='bbox 369 3764 420 3827; x_wconf 87' lang='grc'><strong>16.</strong></span> <span class='ocrx_word' id='word_1_359' title='bbox 461 3760 580 3819; x_wconf 87' lang='lat' dir='ltr'><strong>Daniel.</strong></span> <span class='ocrx_word' id='word_1_360' title='bbox 598 3782 625 3819; x_wconf 84' lang='lat' dir='ltr'><strong>o.</strong></span> <span class='ocrx_word' id='word_1_361' title='bbox 644 3764 664 3825; x_wconf 80' lang='lat'><em>3</em></span> <span class='ocrx_word' id='word_1_362' title='bbox 686 3760 738 3827; x_wconf 83' lang='lat'><strong>50.</strong></span> 
     </span>
    </p>

    <p class='ocr_par' dir='ltr' id='par_1_11' title="bbox 371 3843 609 3910">
     <span class='ocr_line' id='line_1_42' title="bbox 371 3843 609 3910; baseline 0.013 -10"><span class='ocrx_word' id='word_1_363' title='bbox 371 3849 420 3910; x_wconf 89' lang='grc'><strong>17.</strong></span> <span class='ocrx_word' id='word_1_364' title='bbox 463 3843 536 3905; x_wconf 78' lang='lat' dir='ltr'><strong>ibid.</strong></span> <span class='ocrx_word' id='word_1_365' title='bbox 556 3846 609 3909; x_wconf 81' lang='lat'><strong>48.</strong></span> 
     </span>
    </p>

    <p class='ocr_par' dir='ltr' id='par_1_12' title="bbox 285 3926 1386 4159">
     <span class='ocr_line' id='line_1_43' title="bbox 367 3926 1385 4011; baseline -0.004 -18"><span class='ocrx_word' id='word_1_366' title='bbox 367 3932 420 3993; x_wconf 85' lang='grc'><strong>20.</strong></span> <span class='ocrx_word' id='word_1_367' title='bbox 463 3931 570 3989; x_wconf 85' lang='lat' dir='ltr'><strong>Persas</strong></span> <span class='ocrx_word' id='word_1_368' title='bbox 585 3938 693 4010; x_wconf 84' lang='lat' dir='ltr'><strong>aequat</strong></span> <span class='ocrx_word' id='word_1_369' title='bbox 707 3926 876 4009; x_wconf 77' lang='lat' dir='ltr'><strong>Chaldaeis,</strong></span> <span class='ocrx_word' id='word_1_370' title='bbox 897 3929 951 4011; x_wconf 77' lang='lat' dir='ltr'><strong>qui</strong></span> <span class='ocrx_word' id='word_1_371' title='bbox 963 3950 982 3987; x_wconf 91' lang='lat' dir='ltr'><strong>a</strong></span> <span class='ocrx_word' id='word_1_372' title='bbox 995 3927 1151 4004; x_wconf 83' lang='lat' dir='ltr'><strong>leonibus,</strong></span> <span class='ocrx_word' id='word_1_373' title='bbox 1173 3929 1290 4011; x_wconf 89' lang='lat' dir='ltr'><strong>quibus</strong></span> <span class='ocrx_word' id='word_1_374' title='bbox 1305 3931 1385 3991; x_wconf 87' lang='lat' dir='ltr'><strong>obie-</strong></span> 
     </span>
     <span class='ocr_line' id='line_1_44' title="bbox 285 4008 1386 4097; baseline 0.005 -23"><span class='ocrx_word' id='word_1_375' title='bbox 285 4024 351 4075; x_wconf 90' lang='lat' dir='ltr'><strong>otus</strong></span> <span class='ocrx_word' id='word_1_376' title='bbox 363 4015 474 4075; x_wconf 87' lang='lat' dir='ltr'><strong>Daniel</strong></span> <span class='ocrx_word' id='word_1_377' title='bbox 483 4015 606 4075; x_wconf 86' lang='lat' dir='ltr'><strong>illaesus</strong></span> <span class='ocrx_word' id='word_1_378' title='bbox 622 4024 775 4091; x_wconf 79' lang='lat' dir='ltr'><strong>evaserat,</strong></span> <span class='ocrx_word' id='word_1_379' title='bbox 795 4026 942 4097; x_wconf 84' lang='lat' dir='ltr'><strong>tanquam</strong></span> <span class='ocrx_word' id='word_1_380' title='bbox 954 4012 1045 4080; x_wconf 73' lang='lat' dir='ltr'><strong>cissos</strong></span> <span class='ocrx_word' id='word_1_381' title='bbox 1056 4017 1113 4097; x_wconf 69' lang='lat' dir='ltr'><strong>esic</strong></span> <span class='ocrx_word' id='word_1_382' title='bbox 1123 4008 1283 4095; x_wconf 63' lang='lat' dir='ltr'><strong>danistae</strong></span> <span class='ocrx_word' id='word_1_383' title='bbox 1296 4011 1386 4080; x_wconf 66' lang='grc' dir='ltr'><strong><em>αὐτοῦ</em></strong></span> 
     </span>
     <span class='ocr_line' id='line_1_45' title="bbox 286 4098 516 4159; baseline 0.004 -3"><span class='ocrx_word' id='word_1_384' title='bbox 286 4098 420 4159; x_wconf 83' lang='lat' dir='ltr'><strong>devorati</strong></span> <span class='ocrx_word' id='word_1_385' title='bbox 436 4109 516 4159; x_wconf 74' lang='lat' dir='ltr'><strong>ssent.</strong></span> 
     </span>
    </p>
   </div>
   <div class='ocr_carea' id='block_1_5' title="bbox 285 4170 1485 4350">
    <p class='ocr_par' dir='ltr' id='par_1_13' title="bbox 285 4170 1485 4350">
     <span class='ocr_line' id='line_1_46' title="bbox 369 4170 1485 4265; baseline -0.004 -16"><span class='ocrx_word' id='word_1_386' title='bbox 369 4188 422 4249; x_wconf 80' lang='lat'><strong>22.</strong></span> <span class='ocrx_word' id='word_1_387' title='bbox 465 4170 649 4259; x_wconf 69' lang='lat' dir='ltr'><strong>chosroam,</strong></span> <span class='ocrx_word' id='word_1_388' title='bbox 675 4202 768 4265; x_wconf 87' lang='lat' dir='ltr'><strong>quem</strong></span> <span class='ocrx_word' id='word_1_389' title='bbox 784 4204 881 4265; x_wconf 89' lang='lat' dir='ltr'><strong>nuper</strong></span> <span class='ocrx_word' id='word_1_390' title='bbox 899 4180 1184 4245; x_wconf 83' lang='lat' dir='ltr'><strong>Nabuchodonosori</strong></span> <span class='ocrx_word' id='word_1_391' title='bbox 1207 4184 1250 4243; x_wconf 95' lang='lat' dir='ltr'><strong>ob</strong></span> <span class='ocrx_word' id='word_1_392' title='bbox 1270 4204 1388 4247; x_wconf 87' lang='lat' dir='ltr'><strong>morum</strong></span> <span class='ocrx_word' id='word_1_393' title='bbox 1484 4209 1485 4222; x_wconf 55' lang='lat'>¹</span> 
     </span>
     <span class='ocr_line' id='line_1_47' title="bbox 285 4266 1389 4350; baseline 0.008 -25"><span class='ocrx_word' id='word_1_394' title='bbox 285 4266 435 4329; x_wconf 74' lang='lat' dir='ltr'><strong>feritatem</strong></span> <span class='ocrx_word' id='word_1_395' title='bbox 452 4272 653 4349; x_wconf 82' lang='lat' dir='ltr'><strong>eomparavit,</strong></span> <span class='ocrx_word' id='word_1_396' title='bbox 680 4288 761 4331; x_wconf 80' lang='lat' dir='ltr'><strong>nttno</strong></span> <span class='ocrx_word' id='word_1_397' title='bbox 779 4270 819 4333; x_wconf 89' lang='lat' dir='ltr'><strong>ob</strong></span> <span class='ocrx_word' id='word_1_398' title='bbox 837 4273 949 4333; x_wconf 86' lang='lat' dir='ltr'><strong>mentis</strong></span> <span class='ocrx_word' id='word_1_399' title='bbox 968 4270 1156 4350; x_wconf 80' lang='lat' dir='ltr'><strong>superbiam,</strong></span> <span class='ocrx_word' id='word_1_400' title='bbox 1188 4279 1221 4329; x_wconf 85' lang='lat' dir='ltr'><strong>et</strong></span> <span class='ocrx_word' id='word_1_401' title='bbox 1236 4270 1389 4333; x_wconf 86' lang='lat' dir='ltr'><strong>insaniam</strong></span> 
     </span>
    </p>
   </div>
   <div class='ocr_carea' id='block_1_6' title="bbox 0 0 1522 4817">
    <p class='ocr_par' dir='ltr' id='par_1_14' title="bbox 0 0 1522 4817">
     <span class='ocr_line' id='line_1_48' title="bbox 0 0 1522 4817; baseline 0 0"><span class='ocrx_word' id='word_1_402' title='bbox 0 0 1522 4817; x_wconf 95' lang='lat' dir='ltr'><strong> </strong></span> 
     </span>
    </p>
   </div>
  </div>
 </body>
</html>
