3017 4817
276 304 351 377 162
536 300 747 388 Quuscms
770 300 817 371 ut
841 302 1115 373 unuscusnls

274 472 336 531 uici
348 464 502 531 Psschelis
512 488 547 549 p.
562 472 625 535 399
639 470 940 553 Drangarum,
961 490 980 529 e
990 468 1128 530 cedema
1141 482 1245 531 eutem
1259 472 1380 553 Dysto-

271 556 369 635 gsrdo
385 557 562 635 appelletur.
604 566 637 615 st
649 555 752 617 Pisida
764 561 944 617 Artaxerxis
964 557 1015 617 vel
1037 557 1195 616 Artueris
1216 578 1332 617 nomen
1345 562 1378 618 in

274 646 445 702 Arteserem
476 644 687 716 commutavit,
719 654 811 724 etque
834 644 878 702 its
905 660 947 702 ex
968 640 1086 701 duehus
1105 644 1231 702 vocibus
1248 647 1379 705 Persids

272 744 366 785 rmem
378 728 492 787 Graeco
506 744 590 785 more
605 728 750 786 inflexum
762 728 890 803 effinxit,
911 727 971 789 hoc
982 738 1037 805 est,
1057 728 1270 801 Darurtaer'm,
1289 733 1378 811 qmsi

271 810 386 871 diceret
401 813 523 871 Dmum
535 812 702 872 Anamis.

358 900 431 962 172.
472 906 507 956 ut
525 914 615 977 ssepe
634 896 674 957 ed
692 899 912 977 emigeriones,
930 916 1009 981 ques
1028 896 1062 957 in
1081 896 1163 957 ludis
1187 899 1375 958 &recumbas

210 988 220 1001 “
272 982 394 1057 fiebant,
417 983 610 1066 ἀλληγορίζει.
653 1002 726 1043 uem
739 979 890 1063 καμπήρ,
911 980 1069 1067 rudperto
1075 985 1185 1061 flecto,
1205 984 1374 1059 estflem,

272 1085 365 1149 quem
381 1066 458 1126 circe
472 1078 584 1127 merem
597 1070 677 1128 ffirci
691 1066 741 1129 rel
755 1066 949 1149 hippodromi
967 1070 1068 1128 fecere
1085 1070 1226 1128 solebant
1242 1071 1372 1147 emigee,

272 1156 382 1213 iterum
395 1156 564 1234 iterumque
578 1172 596 1211 e
612 1172 729 1213 cercere
740 1165 935 1215 excurrentes
948 1154 1114 1234 eodemque
1130 1164 1322 1212 revertentes.

358 1242 429 1303 175.
472 1237 524 1299 hio
548 1248 593 1297 est
617 1238 803 1299 Artaxerxes
826 1241 877 1299 vel
899 1243 1078 1313 Artaxeres,
1111 1242 1267 1317 gregorius
1284 1240 1373 1297 mite

271 1326 382 1399 Perse,
404 1325 458 1404 qut
481 1325 578 1382 occiso
598 1324 751 1383 Artebeuc
772 1328 811 1400 4,
834 1342 904 1403 rege
917 1323 1097 1383 Parthorum
1113 1326 1236 1399 ultimo,
1255 1327 1372 1402 primns

273 1412 431 1489 entiquurn
445 1410 606 1467 Persarum
620 1410 652 1466 in
669 1412 790 1469 Oriente
803 1411 979 1489 imperium,
1001 1407 1085 1490 qnod
1095 1410 1128 1465 in
1138 1410 1231 1467 Dario
1244 1408 1371 1484 finierat,

272 1495 443 1567 renovarit,
465 1496 580 1552 Romae
602 1496 770 1573 imperante
788 1494 963 1553 Alexandro
986 1497 1185 1552 hiemmeeee.
1225 1495 1314 1573 plnre
1335 1492 1372 1551 de

271 1598 308 1637 eo
331 1576 520 1637 Herodianus
538 1576 592 1636 lib.
610 1583 630 1643 6
647 1590 677 1637 et
692 1576 838 1658 Agathino
853 1578 906 1637 hh.
925 1579 955 1642 4.
998 1598 1112 1638 novum
1131 1590 1234 1637 eutem
1247 1578 1307 1638 hoc
1323 1599 1373 1637 re·

272 1682 367 1743 gnum
383 1664 420 1722 sb
437 1683 516 1724 enno
532 1662 643 1723 Christi
658 1666 720 1728 226
735 1664 786 1723 rel
800 1668 862 1728 227
877 1662 917 1722 ed
932 1682 1045 1722 annum
1057 1684 1154 1745 usque
1167 1668 1230 1728 632
1246 1662 1374 1728 ve1645

272 1746 408 1807 durerit:
431 1752 508 1806 mire
526 1752 609 1807 cuim
624 1750 715 1807 estin
731 1747 790 1808 hoc
802 1751 916 1809 Persici
930 1752 1016 1828 regni
1029 1750 1089 1808 fine
1102 1748 1282 1809 stabiliendo
1297 1750 1373 1807 sori-

270 1844 393 1914 ptorum
415 1831 577 1908 dissensio,
599 1852 729 1913 quorum
753 1835 909 1912 opiniones
929 1833 969 1893 ed
990 1854 1117 1894 exemen
1134 1845 1255 1892 revocet
1269 1844 1373 1892 etex·

270 1918 377 1998 pendit
394 1920 578 1977 Assemenus
600 1917 748 1976 Buuort.
773 1918 886 1977 Oriens.
904 1930 974 1979 tom.
991 1924 1104 1997 Spart.
1121 1926 1136 1982 1
1149 1939 1185 1995 p.
1199 1917 1273 1981 425.
1318 1936 1374 1976 re·

269 2022 343 2082 gum
362 2011 431 2082 post
449 2012 626 2061 renovetum
647 2005 810 2083 imperium
826 2006 981 2063 Persicum
1001 2006 1206 2084 geneelogiem
1222 2013 1255 2060 ct
1270 2000 1374 2061 histn-

269 2091 347 2146 rinm
364 2088 460 2147 obiter
479 2086 635 2168 descripsit
648 2087 795 2167 Agediies
810 2091 843 2147 in
858 2090 918 2149 tine
930 2090 985 2148 tib.
1003 2092 1038 2165 1,
1060 2092 1114 2171 qui
1124 2100 1277 2150 remense
1291 2106 1373 2169 ques

270 2174 361 2231 refert
382 2172 415 2236 ἐκ
438 2176 502 2235 ror'r
525 2178 683 2255 Περσικῶν
704 2176 832 2254 βιβλίων
850 2174 1097 2255 postquem,
1123 2192 1159 2232 rx
1171 2175 1303 2232 Portus
1318 2192 1373 2230 nr·

269 2258 368 2318 edium
383 2259 618 2337 desumptarum
639 2258 781 2318 affirmet.
822 2276 929 2319 verum
949 2278 1019 2319 cnm
1040 2262 1094 2318 ille
1112 2278 1202 2319 suem
1222 2261 1372 2318 narretis·

267 2360 340 2403 nem
360 2338 400 2403 ed
419 2342 584 2403 chosroem
608 2346 626 2406 1
647 2362 745 2425 nsque
769 2341 913 2421 deducet,
936 2348 1021 2405 cuius
1037 2346 1137 2405 obitus
1149 2343 1191 2403 ed
1203 2362 1233 2403 e.
1246 2344 1309 2409 579
1322 2364 1371 2401 re-

266 2430 379 2504 fertur,
401 2432 428 2487 si
442 2431 509 2509 quis
521 2431 722 2507 posteriorum
734 2446 841 2508 regum
855 2434 966 2489 seriem
978 2448 1066 2490 nosse
1080 2434 1193 2511 cupiet,
1214 2427 1370 2487 leudstnm

266 2516 367 2572 rimm
387 2516 445 2571 ios.
466 2515 623 2573 Simonem
643 2516 858 2575 Assemeuiunr
877 2515 966 2575 edent
986 2516 1051 2575 loco
1068 2518 1138 2587 cit,
1160 2516 1214 2597 qni
1230 2534 1270 2573 ex
1283 2515 1368 2593 Syris

266 2598 459 2676 scriptoribus
480 2596 608 2655 eundem
628 2596 855 2678 chronologiam
872 2601 913 2660 ed
929 2599 1143 2679 lesdegerdem
1155 2620 1252 2680 nsque
1264 2618 1366 2677 perse·
1488 2639 1489 2642 ,

265 2684 382 2763 quitur,
405 2693 495 2763 etque
511 2679 591 2741 hunc
604 2684 705 2762 ipsum
717 2686 860 2744 ultimum
872 2688 967 2746 fuisse
980 2690 1139 2746 Persemm
1150 2702 1254 2764 regem
1266 2694 1367 2742 nonne

265 2764 504 2847 Theophanem,
536 2786 555 2825 e
576 2784 637 2848 quo
657 2786 713 2827 rex
731 2770 824 2845 etter,
851 2769 1013 2831 {tonnisde
1031 2774 1083 2831 rel
1100 2772 1298 2830 Hormizenes
1317 2769 1367 2825 rel
1488 2787 1489 2792 ¹

265 2850 471 2913 Hormisdetes
484 2854 623 2927 nomine,
649 2865 717 2933 post
729 2854 942 2934 lesdegerdem
955 2856 1118 2933 sufficitur,
1138 2859 1214 2917 setis
1226 2854 1347 2913 evincit.

355 2938 426 3002 175.
469 2934 615 3017 Agathino
632 2936 688 2997 ro.
706 2944 775 3018 2p.
795 2943 857 3005 122
878 2945 897 3006 6
918 2946 1016 3001 an.

352 3026 424 3089 178.
467 3020 547 3082 hsuo
566 3022 686 3084 Pisidae
710 3028 954 3105 supputationem
973 3046 1044 3087 cum
1067 3024 1260 3103 chronologis
1280 3026 1370 3101 Age-

266 3106 395 3169 thiseet
408 3112 569 3168 Assemeni
583 3110 743 3168 conciliare
756 3121 959 3188 tentatorem,
979 3112 1036 3172 sed
1049 3111 1150 3171 irritus
1163 3112 1259 3170 omnis
1271 3126 1369 3167 conn-

266 3202 315 3253 tus
335 3194 404 3251 fuit.
447 3212 520 3253 nem
540 3194 809 3278 quomodocunque
826 3194 905 3255 hanc
918 3202 960 3264 76
974 3216 1122 3257 unnomm
1136 3193 1291 3277 periodum
1305 3212 1369 3252 ex-

264 3276 398 3357 pendes,
421 3298 528 3357 quem,
554 3290 588 3338 ut
607 3279 739 3355 videtur,
763 3292 899 3342 sumeres
916 3283 974 3341 sibi
993 3300 1118 3343 coseros
1130 3293 1248 3341 secutus
1262 3280 1371 3338 stetnit

265 3366 383 3436 noster,
408 3364 580 3423 nullatenus
595 3368 753 3424 convenire
767 3363 989 3446 deprehendes,
1009 3367 1163 3450 siquidem
1175 3368 1229 3425 ille
1240 3364 1369 3424 huiusce

263 3449 474 3525 sengniuurise
490 3448 606 3527 periodi
621 3469 741 3510 curetum
755 3450 795 3511 sd
806 3470 919 3511 eunom
932 3470 1029 3534 usqne
1043 3458 1105 3518 628
1118 3449 1280 3533 protrahit,
1305 3468 1370 3531 qno

262 3530 410 3592 Ghosroes
427 3551 446 3590 e
464 3535 580 3593 iuniore
602 3534 664 3595 filio
687 3534 776 3595 Siros
794 3547 841 3595 est
857 3540 1072 3619 interemptus,
1096 3548 1134 3597 nt
1152 3546 1237 3619 petet
1255 3555 1299 3594 ex
1316 3554 1369 3595 se-

261 3621 367 3699 quenti
388 3636 481 3677 versu
501 3622 572 3685 199.
615 3638 657 3680 ex
670 3630 732 3681 toto
746 3625 831 3681 enim
845 3621 936 3683 huius
948 3627 1097 3703 poematis
1110 3634 1369 3700 contextu-eppe·

260 3712 307 3762 ret
322 3701 399 3763 heco
415 3706 568 3783 scripsisse
583 3704 718 3765 Pisidsm
737 3710 840 3766 stetim
864 3727 899 3768 ee
918 3713 1043 3769 nuntius
1055 3708 1096 3767 de
1108 3707 1200 3768 mede
1212 3704 1369 3766 chum·

260 3788 368 3868 cpolin
385 3788 493 3849 siletur
509 3801 564 3849 est.
607 3793 709 3873 itaque
724 3795 750 3851 si
763 3812 877 3852 annum
890 3793 1146 3875 sepmegesimum
1157 3803 1283 3853 rem
1296 3800 1368 3849 ente

259 3887 388 3935 mortem
410 3872 560 3935 chosroes
579 3888 721 3935 exectum
736 3880 888 3959 inquires,
908 3882 943 3939 in
957 3898 1071 3939 ennom
1083 3879 1274 3939 dominicum
1287 3878 1368 3935 ind·

257 3954 312 4017 des
331 3960 409 4034 651,
432 3962 484 4041 qui
506 3962 564 4021 fuir
584 3965 669 4040 regui
692 3960 842 4023 Chosmee
860 3968 988 4026 senioris
1005 3968 1172 4044 vigesimus
1191 3961 1368 4024 umbe

258 4038 339 4101 hunc
352 4048 436 4103 enim
451 4048 534 4104 eiunt
547 4050 678 4107 tenuisse
691 4066 821 4129 regnum
836 4066 931 4110 runos
948 4051 1002 4116 48.
1044 4061 1077 4109 et
1095 4052 1207 4111 seniori
1218 4048 1368 4107 mooerm

257 4127 433 4189 Honnhdes
455 4132 506 4189 rel
527 4132 736 4192 Hormisdrres
761 4134 860 4210 fitius,
891 4135 1070 4195 Hosmisdee
1090 4147 1192 4195 eutem
1212 4132 1366 4193 chosroe·

257 4212 371 4286 iunior,
393 4232 522 4294 quomm
531 4218 586 4275 ille
600 4236 694 4277 runos
710 4224 766 4293 12,
787 4218 839 4278 hio
854 4240 926 4279 vero
939 4225 981 4285 88
993 4238 1135 4301 regnasse
1150 4222 1259 4279 ferror.
1305 4216 1367 4275 ho-

257 4309 326 4353 rum
344 4297 437 4373 igitur
459 4302 552 4358 utum
576 4322 683 4381 regum
704 4304 913 4366 unmmmodo
937 4309 1126 4386 successione
1142 4309 1188 4371 to
1209 4320 1370 4364 summ
