3017 4817
249 270 327 343 156
409 270 471 343 DU
487 270 638 342 *elnon
657 271 914 343 nnscttnrlo
935 272 971 341 8.
995 272 1185 341 sotfflnn

247 436 455 500 Sabaitarnmt
476 430 571 521 οὗπερ
585 430 808 522 duorrpdptrcl
821 462 852 502 ιι
864 436 900 504 oi
912 432 1020 525 sappino·
1033 436 1159 521 noviper
1173 436 1351 503 demorendo

246 519 466 605 nucerinum,
499 522 647 607 ἰσαίτερον
672 522 706 588 tt
733 529 791 589 rori
813 526 991 588 duroverni
1014 531 1253 605 κειμηλιαρχεῖον
1280 522 1351 603 ἥκοι

247 605 500 687 «reconvictum.
556 608 628 669 bino
653 608 804 670 eiusmodi
831 609 987 669 diaconion
1012 614 1182 690 promiscue
1211 608 1351 669 dicuntur

246 697 407 753 secretaria
428 713 464 754 ac
486 714 642 755 sacrorum
664 716 808 755 verorum
827 696 949 755 aerarn
969 697 1003 754 in
1022 694 1146 755 laudata
1168 697 1306 775 Gregorii
1323 716 1350 753 11

246 782 297 837 1³1³
320 781 465 859 epistola3
487 790 577 862 atque
597 784 638 839 ite
660 784 799 861 usurpari
813 782 927 861 passim
939 782 1096 841 observare
1110 791 1165 840 est.
1209 801 1264 839 cur
1276 801 1348 840 vero

245 866 279 921 in
303 862 457 925 diaconico
479 878 694 945 reponerentur
716 886 802 926 secra
826 868 971 926 ecclesiae
991 868 1172 940 minister-ie,
1195 868 1271 924 ratio
1295 866 1349 923 illo

245 952 438 1029 potissimum
451 960 496 1009 est
510 950 592 1032 quod
607 972 642 1011 ea
660 972 748 1015 curae
766 950 961 1011 diaconorum
975 970 1010 1011 ac
1022 950 1218 1011 sollicitudini
1230 954 1349 1009 incum-

245 1034 362 1094 berent.
405 1032 538 1095 Isidorus
559 1036 597 1095 de
617 1037 700 1097 Eccl.
723 1038 809 1098 offio.
828 1042 849 1101 2
869 1042 905 1102 9:
926 1037 1061 1095 custodee
1079 1038 1209 1100 merarii
1224 1038 1350 1094 levitae

246 1130 330 1177 euin.-
352 1122 425 1199 speie
439 1124 518 1179 enim
531 1124 647 1181 urceum
661 1134 703 1181 eet
716 1122 863 1181 enetodr're
874 1120 1104 1181 nbnmeulnm
1116 1133 1145 1181 et
1157 1124 1261 1180 omnia
1275 1140 1351 1181 vara

131 1264 137 1277 ,
248 1205 365 1283 templi·
388 1204 471 1288 quod
493 1209 584 1266 etiem
606 1207 734 1267 habetur
757 1206 840 1287 opud
861 1208 1008 1287 Cyn-illum
1023 1204 1189 1287 Alexandr.¹
1205 1207 1294 1269 litut
1311 1203 1349 1264 de

246 1288 372 1351 Aderat.
414 1289 487 1350 inde
503 1294 566 1351 illis
582 1312 617 1351 ee
633 1312 726 1351 manu
741 1296 931 1371 contingere,
955 1312 1018 1352 non
1030 1303 1133 1351 entem
1148 1288 1349 1366 subdiaconis,

248 1374 376 1451 licebst3
406 1386 436 1435 et
457 1387 491 1435 ut
510 1380 552 1436 ait
572 1381 733 1437 concilium
754 1377 960 1437 Laodicennm
978 1398 1045 1437 cen.
1065 1382 1123 1451 21,
1147 1370 1186 1439 ori
1207 1378 1257 1439 dei
1273 1375 1350 1456 ἔχειν

143 1452 166 1507 Ρ
182 1456 234 1512 598
250 1458 403 1541 ιῖκηρὲιας
416 1456 516 1543 χώραν
530 1462 563 1525 ἐν
575 1466 618 1547 τῷ
630 1464 796 1547 διακονικῷ
804 1462 857 1525 καὶ
867 1459 1018 1525 ἅπτεσθαι
1026 1463 1213 1525 demorendo
1223 1466 1349 1524 σκευῶν.

249 1563 327 1624 qnae
342 1545 466 1625 quidem
480 1549 523 1606 ite
535 1552 624 1607 vertit
639 1550 800 1608 concilium
813 1546 986 1627 Agathense
1000 1566 1066 1607 can.
1079 1552 1141 1613 66:
1162 1566 1225 1605 non
1238 1557 1352 1623 oportet

249 1634 417 1689 insacratos
427 1634 578 1690 ministros
590 1634 744 1693 lr'eenticrm
753 1632 864 1691 habere
873 1636 908 1691 in
918 1634 1110 1691 secularium
1111 1674 1124 1703 ,
1145 1632 1228 1712 qnod
1240 1634 1351 1691 Graeci

213 1790 216 1795 Ι
248 1716 439 1775 &nordeum
460 1716 632 1793 appellant,
653 1719 773 1797 ingredi
787 1728 815 1775 et
827 1721 998 1795 contingere
1012 1738 1089 1777 voca
1101 1718 1268 1787 doninica,
1286 1720 1349 1775 sire

248 1820 287 1859 ea
308 1801 400 1861 verba
422 1799 621 1878 intelligenda
640 1804 702 1861 sint
722 1800 762 1860 de
777 1805 887 1861 maiori
901 1801 1070 1877 diaconico,
1092 1805 1157 1861 sive
1174 1802 1214 1860 de
1230 1804 1350 1876 minori,

247 1884 282 1943 id
296 1896 342 1945 est
355 1882 502 1945 conchula
514 1886 641 1945 bematis
655 1888 698 1945 itn
711 1898 900 1965 nuncupata,
921 1896 1057 1966 utsupra
1070 1889 1253 1947 monuimus.
1294 1907 1350 1946 ve-

248 1990 317 2029 runt
333 1969 416 2051 qnod
429 1968 468 2028 ad
480 1988 620 2029 vasorum
632 1990 786 2031 sacrorum
799 1992 902 2031 curam
912 1974 1051 2051 primitus
1063 1970 1197 2032 diaconis
1210 1973 1350 2031 collatam

248 2058 372 2130 attinet,
393 2052 426 2114 id
451 2054 646 2135 postmodum
666 2058 878 2116 immutatum:
907 2076 1013 2116 eorum
1037 2060 1120 2115 enim
1142 2058 1197 2115 illa
1217 2060 1252 2115 in
1275 2056 1350 2115 aede

247 2138 404 2219 Sophiana
425 2138 495 2199 dnta
515 2150 561 2200 ert
581 2160 693 2219 magno
715 2139 944 2222 sceuophylaci,
966 2140 1005 2200 de
1018 2160 1079 2222 qna
1091 2140 1238 2221 dignitate
1251 2142 1350 2201 eccle-

247 2227 367 2285 siastico
381 2226 495 2305 passim
508 2228 566 2285 viri
577 2224 657 2285 docti
670 2244 769 2305 egere,
795 2229 853 2300 cui,
874 2236 909 2285 nt
920 2245 978 2307 par
992 2237 1038 2285 est
1053 2226 1185 2302 credere,
1208 2228 1350 2286 ruberent

248 2309 380 2371 diaconi.
422 2330 510 2390 porro
524 2309 749 2392 sceuophylacii
763 2310 911 2392 Sophiani
922 2314 1061 2371 meminit
1072 2315 1268 2393 Anonymnss
1289 2311 1350 2374 ἔστι

247 2394 283 2457 δὲ
305 2390 438 2470 desinon
459 2400 522 2458 cciv
544 2392 718 2477 οἰκημάτων
740 2391 853 2476 odric,
882 2394 920 2461 tiu
941 2396 1072 2460 titum
1087 2398 1131 2472 ste
1145 2394 1204 2479 rein
1218 2392 1351 2478 μεγάλην

248 2480 422 2559 ἐκκλησίαν,
441 2479 476 2543 ri
490 2476 733 2558 σκευοφυλιὶκιον
743 2476 827 2555 inv,
848 2478 907 2543 cain
919 2485 961 2566 τῷ
971 2487 1040 2566 ναῷ
1050 2486 1106 2545 τοῦ
1118 2480 1209 2567 cirion
1223 2482 1350 2564 Πέτρου.

248 2562 304 2626 sed
319 2586 378 2644 quo
391 2568 582 2643 potissimum
595 2566 663 2625 loco
677 2567 827 2623 exstiterit
841 2564 1031 2625 diaconicum
1044 2569 1136 2643 obm,
1161 2570 1261 2627 souin
1275 2566 1351 2625 aede

248 2648 404 2727 Sophiana
422 2669 477 2709 seu
495 2651 528 2707 in
548 2651 653 2709 ceteris
669 2649 834 2709 maioribus
848 2651 999 2726 ecclesiis,
1022 2652 1073 2711 vel
1088 2672 1166 2734 qnae
1180 2651 1351 2731 sceuophy-

246 2736 318 2793 lacii
338 2736 471 2795 vestiarii
489 2737 642 2795 secretarii
663 2745 693 2794 et
715 2736 783 2795 aliis
798 2736 970 2795 nominibus
988 2733 1117 2795 donetur
1131 2738 1224 2817 vulgo
1238 2736 1351 2796 exedre

247 2817 318 2879 aedi
331 2816 601 2895 manendumne,
623 2840 685 2879 non
698 2818 775 2880 adeo
788 2832 963 2901 promptum
977 2831 1024 2881 est
1037 2824 1168 2903 assequi.
1209 2823 1352 2898 Allatinr,

247 2906 295 2965 uti
308 2926 399 2988 supra
414 2904 565 2982 diximus,
586 2904 773 2965 diaconicum
782 2926 847 2965 rem
859 2926 982 2986 prorsus
993 2906 1146 2967 diver-sam
1160 2927 1179 2967 a
1192 2911 1350 2967 secretario

248 2990 340 3069 iacit,
362 2989 576 3073 contenditque
597 3012 665 3057 esse
684 2990 831 3051 concham
846 2994 932 3051 illam
948 3012 1026 3073 qnae
1040 2995 1261 3074 θυσιαστηρίου
1276 3014 1351 3052 con·

248 3075 343 3153 ohne,
364 3074 472 3136 aedem
485 3075 526 3135 ed
539 3079 692 3137 sinistram
707 3078 895 3151 ineuntibus,
918 3077 1107 3157 adiungitur,
1129 3078 1182 3137 ubi
1199 3098 1350 3157 σκευοφυ-

244 3164 355 3225 lucion
379 3172 409 3223 et
430 3162 606 3226 ὁιακονικοῦ
628 3158 758 3243 τράπεζα
779 3166 934 3238 statuitur,
957 3162 1213 3244 quemadmodum
1231 3183 1350 3223 nunon-

245 3258 337 3327 pntur
358 3266 377 3305 a
397 3248 549 3327 Symeone
570 3246 847 3307 Thessalonicensi.
894 3268 1002 3307 verum
1024 3252 1081 3308 etsi
1099 3252 1132 3307 iu
1152 3249 1288 3309 confesso
1310 3250 1350 3308 sit

246 3352 317 3392 enm
337 3329 516 3391 conchulam
537 3330 726 3393 diaconicum
746 3334 930 3412 appellatam
947 3335 1060 3411 fuisse,
1079 3354 1142 3393 non
1163 3332 1233 3393 ideo
1248 3344 1351 3393 tamen

246 3418 384 3499 seqnitur
406 3414 569 3493 exedram,
601 3436 694 3499 quem
715 3420 809 3499 vrrlgo
828 3420 998 3477 cccrs'euiun
1019 3438 1180 3494 vocemus,
1202 3418 1350 3478 diaconici

245 3502 483 3649 illiniti
498 3502 875 3669 illinitum
886 3507 950 3649 2:¹2⁶
969 3524 1061 3671 itti
1081 3506 1350 3649 liminii

940 3632 949 3665 i

243 3678 359 3735 maiore
383 3671 537 3735 diaconico
560 3694 644 3736 secra
661 3694 735 3735 rasa
758 3686 851 3756 atque
874 3672 951 3734 adeo
970 3686 1071 3736 vestes
1091 3672 1292 3735 sacerdotales
1309 3672 1349 3733 ad

243 3758 400 3841 litinginm
413 3780 529 3820 sacrem
543 3756 747 3841 peragendam
757 3762 944 3820 necessariae
956 3772 1182 3842 reponerentur.
1222 3761 1349 3840 plenum

245 3848 330 3905 enim
345 3866 410 3907 esre
426 3866 494 3906 reor
507 3867 548 3905 ex
562 3846 734 3927 praeallatis
749 3843 940 3905 diaconicum
950 3844 1096 3907 exedram
1107 3846 1202 3907 inisse
1214 3844 1285 3905 aedi
1297 3866 1349 3905 se-

247 3950 316 3991 srse
333 3931 519 4007 adiunctam,
541 3930 669 4012 proinde
691 3950 710 3990 a
731 3932 852 3991 bemate
873 3932 1023 3993 seclusam
1037 3941 1069 3992 et
1082 3942 1245 4007 remotam,
1267 3927 1349 4011 quod

246 4026 278 4074 et
293 4014 407 4076 indicat
419 4016 503 4077 idem
515 4018 666 4097 Symeon,
688 4015 764 4076 dum
776 4017 878 4076 scribit
892 4019 1069 4098 episcopam
1081 4014 1317 4077 consecrandum
1330 4034 1350 4073 e

246 4098 402 4161 diaconico
427 4099 467 4161 ad
493 4102 583 4161 bema
610 4100 774 4185 procedere
798 4122 854 4181 per
873 4105 982 4183 templi
1006 4100 1147 4163 demam
1168 4113 1201 4162 et
1224 4103 1350 4175 soleam,

246 4181 299 4249 deci
320 4189 378 4250 rori
395 4187 499 4263 δεξιοῦ
523 4186 633 4271 μέρους
653 4190 711 4251 rori
732 4192 813 4251 oncri
833 4186 887 4249 καὶ
906 4192 963 4252 κοῦ
979 4186 1113 4266 oniinr,
1133 4187 1352 4248 deducentibus

247 4292 319 4333 eum
343 4268 548 4335 sacerdotibus
569 4284 600 4335 et
620 4270 748 4336 diacono
770 4282 953 4356 praeeunte,
986 4275 1040 4335 nbi
1061 4294 1117 4357 per
1137 4272 1278 4335 texum
1297 4273 1353 4337 roi
