3017 4817
418 292 674 363 DESCRIPTIO
699 294 734 363 S.
758 294 950 365 souffllu
1186 296 1236 367 85

122 460 410 539 septentrionalium
431 460 515 521 sinus
540 458 653 521 affabre
674 460 824 521 oonleotos
843 460 922 519 aulis
944 460 1060 522 similes
1075 463 1168 524 luisse
1183 463 1235 523 in-

121 549 205 623 nuit,
226 564 259 605 τ.
278 542 359 609 166·

458 625 561 694 νότιον
577 626 611 693 di
626 626 696 693 ποιλ
707 624 818 709 πτερόν
831 625 908 693 ὄντα
918 622 1048 694 woldam

290 706 454 787 εότόιιτοιις
466 720 618 789 κενεῶνας
631 710 820 794 ἐειδομένους
834 715 896 778 τινί
909 718 1025 799 παστρο.

207 799 262 860 28.
306 796 454 858 Aedem
445 820 543 881 ipsam
561 798 759 881 ingredientis
776 804 875 879 primo
890 820 957 861 sese
975 776 1105 860 oli'erunt
1121 796 1232 878 adspe-

122 884 186 941 ctui
207 894 352 961 quattuor
371 885 453 963 pilae
470 889 618 963 maiores,
639 886 731 967 paulo
748 886 825 945 ultra
838 884 970 945 madiam
983 885 1090 964 templi
1101 894 1230 965 partem,

123 988 229 1027 sersus
249 972 398 1027 orientem
407 972 549 1052 ,quibus
566 982 630 1032 tota
647 973 730 1031 illius
750 972 848 1031 moles
861 973 912 1031 vel
925 982 1005 1031 certe
1016 972 1161 1029 immensa
1150 966 1231 1029 ’λιε-

122 1052 303 1133 misphaerii
332 1014 453 1134 pondus
478 1058 637 1117 incumbit.
679 1057 722 1117 sio
746 1067 849 1115 autem
870 1058 1061 1137 appellantur
1083 1052 1231 1116 eiusmodi

123 1140 304 1199 fulcimenta
320 1160 361 1199 ex
374 1140 513 1221 lapidum
527 1144 665 1223 congerie
679 1144 712 1199 in
727 1141 824 1201 altum
840 1141 958 1202 educta.
999 1142 1163 1201 Paulinus.

291 1245 429 1305 quaeque
439 1230 528 1306 prius
538 1228 617 1306 pilia
633 1230 727 1299 stetit,
748 1226 824 1286 ίιαιο
837 1229 924 1287 modo
929 1227 1021 1309 fulto
1034 1226 1181 1287 οοίιιιιιιοίε

290 1310 368 1369 vilia
385 1323 500 1371 matuta
516 1315 628 1392 sprevit
643 1324 798 1373 οαειιιπιια
811 1313 944 1373 maala.

122 1393 206 1453 idem
217 1396 281 1455 slio
294 1397 379 1455 loeo:

291 1501 366 1539 τιαιιε
380 1492 524 1539 atetemnt
538 1493 623 1541 ναιιο
636 1480 821 1561 desbmidus
833 1484 956 1561 ugmim
962 1481 1054 1561 pila.-

292 1586 375 1623 παντο
389 1566 510 1624 meliore
525 1566 605 1626 dotia
620 1568 722 1625 eudem
734 1568 897 1646 vieesulta
915 1566 1077 1640 οοίιιιιιιιιζι,

290 1660 322 1707 ει
336 1653 430 1729 spatii
443 1672 543 1729 cepere
556 1663 585 1709 et
599 1652 725 1711 luminis
738 1656 932 1713 incrementa.

122 1742 155 1791 at
169 1730 273 1811 pilas·
264 1745 338 1793 ιιιει
353 1732 486 1811 πεσσοός
501 1747 610 1798 vocant
624 1740 788 1817 Procopius
807 1749 838 1797 et
853 1738 1003 1797 Eusebius
1019 1734 1059 1797 de
1071 1734 1135 1795 rita
1150 1736 1233 1795 tlon·

122 1819 249 1875 “ulfini
264 1821 286 1883 8
307 1824 366 1896 36,
387 1841 517 1896 πννσονς
530 1842 602 1882 vero
614 1820 820 1902 Theophanes
834 1821 989 1882 (ledi-enus
1002 1832 1032 1881 et
1046 1820 1180 1881 eodinus
1193 1817 1232 1879 de

123 1903 159 1963 S.
172 1902 309 2015 Sophia.
325 1908 431 1965 Lexio.
444 1908 496 1967 Gr.
509 1928 557 1968 ms
571 1906 773 1969 bibliothecae
783 1911 934 1988 Regiae
909 1928 987 1987 sagn
979 1909 1102 1972 &2062
1123 1901 1235 1980 πινσός

123 1985 145 2051 o‘
173 1992 233 2051 rosi
261 1992 382 2071 τοίχου,
414 2012 525 2071 nempe
546 1993 778 2071 fialeimentum.
832 1992 945 2053 Suidoe
975 1994 1060 2055 πισοί
1082 1989 1233 2068 dieantur,

121 2076 230 2137 maol
246 2078 471 2156 Harmeuopulo
492 2078 515 2136 l.
530 2080 551 2139 2
572 2082 618 2137 tit.
635 2077 656 2142 4
678 2074 751 2158 §40
766 2088 796 2136 et
810 2077 851 2141 56
875 2088 905 2137 et
921 2074 1092 2157 Nicephoro
1109 2077 1234 2135 callisto

121 2159 158 2216 in
172 2164 371 2241 prooemiop
363 2166 437 2225 .18.
480 2165 519 2221 iis
540 2174 643 2222 autem
662 2163 818 2245 vocabulis
833 2165 1001 2221 innuuntur
1014 2160 1188 2239 grandiores
1203 2171 1234 2218 οι

123 2242 287 2307 validiores
300 2247 396 2327 pilae,
419 2265 496 2327 quae
510 2250 649 2327 graviora
662 2232 868 2306 aedificiorum
882 2266 973 2306 onera
988 2247 1117 2305 fulciunt
1131 2264 1166 2303 ao
1179 2265 1233 2305 su·
1271 2243 1276 2252 '

123 2339 277 2405 stentant3
304 2329 384 2389 unde
400 2350 463 2391 vox
477 2333 665 2413 παραπίσσια
680 2332 797 2406 οίίὶοιιι,
820 2328 859 2391 de
882 2351 943 2413 qua
961 2341 1077 2436 postea.
1120 2328 1176 2389 sed
1195 2328 1234 2388 da

122 2418 260 2475 nominis
274 2418 390 2495 origine
402 2435 512 2495 perum
523 2428 654 2492 ooustat,
674 2418 735 2475 nisi
748 2437 767 2476 a
779 2418 893 2476 Graeco
905 2410 1032 2494 πεσσός,
1052 2414 1136 2496 quod
1149 2414 1235 2474 idem

125 2512 213 2560 souat
231 2520 267 2560 ao
283 2498 395 2581 ιιόβος,
417 2500 592 2563 deducatur.
634 2502 715 2582 pilae
730 2506 813 2561 enim
825 2505 902 2562 istae
916 2502 1012 2581 ligura
1027 2502 1139 2582 ubique
1155 2520 1234 2582 qua-

126 2584 226 2662 drata,
250 2596 281 2645 et
305 2589 338 2645 in
357 2585 483 2646 modum
503 2587 572 2647 aubi
593 2588 644 2646 vol
667 2596 746 2647 oerte
763 2606 804 2647 ex
818 2584 970 2666 lapidibus
989 2585 1142 2667 quadratis
1160 2606 1234 2645 oon-

124 2672 240 2747 leetae,
268 2682 448 2751 exsurgunt.
491 2690 561 2731 oum
581 2676 674 2753 igitur
693 2675 762 2732 latis
784 2691 819 2731 ao
838 2670 1076 2753 praegrandibus
1097 2680 1235 2730 ooustent

124 2717 279 2837 lapidibus
302 2768 334 2815 et
353 2768 466 2816 certam
493 2756 716 2839 quodammodo
737 2756 876 2838 lapidum
896 2760 1068 2836 nongeriesn
1090 2756 1232 2831 efficiant,

123 2845 135 2899 i
137 2840 195 2901 deo
209 2838 302 2919 λόφοι
313 2862 367 2903 seu
379 2862 505 2923 aggeras
520 2845 730 2945 appellantur
723 2862 742 2903 a
755 2845 921 2922 Procopio,
940 2844 993 2923 qui
1009 2844 1108 2922 pilss'
1099 2852 1173 2901 astas
1188 2843 1233 2900 sie

125 2926 288 2987 describit:
312 2952 388 2990 aare
380 2924 445 2991 δὲ
462 2932 519 2991 τοῦ
533 2952 593 2991 νειο
587 2926 682 3032 μέσα
695 2923 787 3005 λόφοι
799 2928 1002 3034 χειροποίηεοι
1016 2920 1236 3028 ίπανεστὴιιασι

125 3012 283 3092 τέσσαρες,
310 3009 365 3087 ode
386 3017 513 3076 ιιαλοῦσι
534 3008 682 3089 πεσσοός,
707 3006 764 3077 delo
786 3013 842 3120 μὲν
860 3008 939 3114 πρός
961 3014 1095 3096 βορρᾶν,
1117 3004 1175 3073 dv'o
1200 3008 1233 3073 dl

125 3095 198 3179 πρός
218 3096 333 3179 οινιμον
353 3091 463 3174 νότον,
485 3092 585 3162 α’ντίοι
600 3121 631 3161 τι
646 3096 698 3161 sal
712 3098 777 3162 ίσοι
792 3091 949 3178 οίλληλοις,
969 3100 1076 3171 ιιίονας
1096 3096 1130 3159 ἐν
1152 3095 1233 3179 ploos

127 3182 263 3289 ἕκιίτεροι
275 3206 352 3245 aare
346 3181 507 3287 τέσσαρας
520 3178 647 3265 μάλιστα
661 3183 786 3263 ίχονιες
828 3186 1011 3263 πεποίηνται
1027 3179 1060 3245 dl
1079 3178 1171 3286 λόφοι
1186 3184 1234 3244 λί-

127 3276 198 3344 θοις
219 3263 399 3351 οιίμιγὲθεσι
422 3267 583 3347 σύνθετοι,
604 3267 738 3351 λογάδην
758 3268 1010 3350 συνειλεγμένοις,
1032 3268 1064 3344 tq
1063 3260 1255 3371 όίλήλονς,

127 3377 158 3416 τε
169 3378 249 3434 προς
260 3378 324 3417 τοιν
338 3350 510 3461 λιθολόγων
524 3354 629 3419 ίπιστα
652 3352 726 3429 ένοις
742 3354 990 3461 ἓναρμοσθεῖσιν,
1012 3348 1080 3427 tc*
1058 3368 1142 3432 οψος
1156 3352 1233 3435 μέγα

129 3442 303 3503 severinas·
329 3434 507 3512 είιιιὶσαις”
486 3463 526 3503 αν
548 3380 661 3513 αότόίίς
682 3436 762 3502 εἶναι
776 3459 855 3503 σιιοπ
856 3433 971 3511 ίλοος’
956 3442 1035 3517 οροΐν
1051 3433 1231 3516 οίποτόμους.

129 3536 157 3583 et
167 3526 248 3583 inira
261 3524 433 3585 describens
445 3524 724 3607 quemadmodum
716 3527 846 3584 invicem
858 3527 969 3584 inieeto
982 3534 1013 3581 et
1024 3525 1093 3583 fuso
1105 3523 1232 3627 plumbo

128 3609 246 3690 lapidet
271 3608 471 3670 uohuemnt·
503 3611 535 3675 οί
561 3609 668 3689 λόφοι,
698 3603 800 3689 όνπερ
824 3605 1024 3690 ίπεμνήσθην
1043 3603 1183 3713 οίρτίοις,
1193 3601 1232 3670 od

128 3692 202 3759 κατιὶ
236 3690 334 3760 sailed
365 3702 431 3770 ταῖς
463 3692 567 3771 αλλαις
593 3696 783 3797 οἰκοδομίαις
812 3696 1007 3797 πεποίηνται,
1036 3688 1112 3755 α’λλοί
1132 3686 1232 3775 τρόπῳ

128 3784 245 3866 ιοιφδι.
288 3782 389 3845 λίθον
414 3778 541 3864 &uspulai
564 3781 598 3847 ἒν
623 3774 800 3885 ιετροιγόνοο
823 3774 1060 3885 διαπεπόνηται,
1092 3779 1232 3880 σκληροιν

129 3844 186 3946 μλιί
204 3864 317 3947 φόσιν,
339 3865 483 3973 ίργασίαν
500 3864 534 3930 dl
552 3866 658 3941 λείαν,
678 3842 810 3947 ίιιιοριην
826 3864 874 3944 δέ,
897 3865 926 3929 εί
940 3858 1046 3945 μίντό
1060 3855 1233 3967 προόχονια

128 3960 287 4017 ποιεῖσθαι
303 3955 365 4015 τοῖν
378 3974 433 4016 τοο
420 3950 547 4031 λόφον
561 3954 699 4034 πίειραν
711 3950 862 4055 μέλλοιεν
884 3950 1054 4033 ίγγοινίοιν,
1077 3948 1106 4011 εί
1125 3942 1212 4011 dl
1176 3970 1234 4024 την

131 4035 239 4117 parabi
262 4032 466 4118 ιιειιίιίροοντοι
487 4061 604 4119 χοιραν,
637 4038 670 4101 ἐν
690 4031 899 4121 τετρνπίεόροι
922 4032 1139 4119 γεγενημένοιν.
1189 4034 1232 4092 ita

131 4134 283 4203 praeterea
300 4122 607 4231 deseribunturpilae
614 4129 690 4185 istae
705 4144 723 4181 a
737 4123 911 4183 silentiario
928 4131 1005 4227 part.
1018 4124 1085 4184 2ι.
1099 4118 1157 4185 53.
1309 4129 1313 4137 '

295 4204 412 4273 Ιστι
372 4233 430 4293 γορ
447 4202 625 4286 οίντολιιιοός
638 4230 670 4272 τε
687 4208 740 4273 ιιαλ
755 4208 915 4288 εσπερίονς
929 4228 1001 4306 μετα
994 4199 1159 4282 ιιόιιίονς,

293 4288 424 4372 κύκλους
437 4292 598 4381 ημιτελεῖς,
621 4316 694 4377 μετα
686 4290 800 4359 ιιίονα
812 4295 916 4378 δίζιιγα
930 4284 1048 4375 Θήβης,
