3017 4817
449 261 705 357 usscnnno
731 262 768 338 s,
793 260 986 334 sermm
1194 262 1269 335 tes

163 429 333 493 constiterit
350 428 513 509 cubiculis,
535 428 632 491 multo
652 427 839 509 probabilius
857 427 979 491 videtur
991 424 1106 491 hancce
1115 424 1189 489 inde
1202 448 1272 491 sor-

163 520 255 579 titum
274 517 525 597 appellationem,
546 514 630 598 quod
645 536 749 577 revere
760 516 868 575 domus
881 526 961 576 esset
974 516 1128 587 ecclessiis,
1149 514 1207 575 hoc
1225 526 1273 575 est

164 602 280 662 aeditui
299 613 329 661 et
348 596 519 683 νεωκόρον,
541 604 574 661 iu
599 620 659 684 qua
679 604 772 661 etiam
788 604 968 681 imperator,
990 604 1018 661 si
1034 602 1166 678 luberet,
1184 612 1274 661 ente-

167 706 260 769 qnam
278 706 365 747 sacre
388 698 601 768 peragerentur
615 686 732 763 officia,
751 688 854 745 veliis
868 687 961 745 finitis
975 698 1006 745 et
1019 688 1150 761 exactis,
1171 706 1277 745 more-

166 784 258 833 retur.
300 790 374 831 nam
395 784 430 831 ut
453 783 598 831 metutrsm
619 774 722 831 Latini
741 774 901 852 scriptores
917 770 1026 831 aedem
1041 782 1072 831 et
1087 770 1277 831 domicilium

166 868 328 930 vocatum,
350 868 385 917 ut
404 868 519 917 constat
538 878 579 917 ex
599 858 742 937 Gregorio
757 860 875 919 Tuscu.
889 856 1001 920 Histb
1022 862 1060 934 7,
1082 856 1102 920 ὃ
1125 860 1166 921 19
1180 854 1278 931 0140,

166 940 349 1017 tfiertt,
371 942 391 1004 8
413 941 549 1018 testi,
572 946 650 1017 96,
675 943 870 1019 totetts,
893 941 1084 1006 demitto-1
1108 940 1167 1016 44,
1190 945 1278 1005 221

167 1024 269 1102 ι124,
292 1026 671 1091 damnassemus
694 1033 752 1102 11,
773 1025 795 1091 4
818 1032 873 1091 21.
913 1039 949 1088 ut
962 1039 1076 1087 ceteros
1088 1038 1278 1107 praeteream

166 1114 230 1173 alio
243 1132 262 1171 a
276 1134 343 1188 me,
369 1116 396 1174 si
410 1112 484 1173 deus
495 1113 620 1187 faverit,
641 1112 842 1173 recensendos
858 1114 944 1189 loco,
967 1124 998 1171 et
1012 1116 1121 1171 metari
1134 1111 1279 1171 dixerunt

166 1218 222 1277 pro
233 1198 392 1270 divertere,
412 1209 446 1257 ut
458 1201 604 1259 Paulinus
616 1202 684 1259 Nat.
698 1202 718 1261 9
734 1208 765 1257 et
779 1203 837 1272 10,
857 1200 901 1257 ita
916 1196 1041 1277 μιιαταν
1055 1195 1165 1257 eedem
1177 1198 1277 1276 signi·

165 1284 307 1343 flectione
321 1295 468 1364 usurpant
477 1286 584 1344 Graeci
595 1286 792 1359 recentiores,
816 1293 852 1342 ut
862 1282 993 1343 liabetur
1002 1286 1036 1342 in
1050 1284 1166 1343 Glossis
1178 1283 1275 1341 Basil.

165 1368 201 1429 S.
221 1368 420 1444 Athanasius,
441 1371 504 1430 sire
526 1372 664 1453 quisquis
684 1379 730 1429 eet
751 1379 856 1429 auctor
875 1372 1056 1429 narrationis
1078 1366 1117 1427 de
1139 1370 1277 1446 imagine

165 1455 344 1535 Berytensis
362 1451 537 1539 ,ἕαιξῄτησι
560 1450 686 1535 perducar
708 1457 810 1533 μεῖζον
831 1448 1048 1535 illustrioris
1074 1452 1118 1527 cic
1142 1447 1276 1533 χρῄζειν.

165 1538 244 1599 alios
257 1538 298 1599 ad
308 1537 343 1598 id
353 1540 534 1601 firmandum
545 1538 651 1600 laudat
666 1543 824 1619 scriptores
836 1542 997 1599 Meursius.
1038 1540 1077 1599 ob
1091 1536 1276 1616 hsncigitur

164 1643 290 1683 causam
312 1626 479 1685 triclinium
499 1625 580 1685 istud
604 1627 751 1685 excitasse
767 1628 870 1705 itaque
888 1626 1057 1704 appellasse
1071 1624 1275 1682 lastinianum

164 1710 208 1769 ait
229 1712 429 1789 Anonymus,
449 1713 532 1769 utin
549 1714 785 1791 eoquiescerett
814 1704 937 1772 ἐκάλεσα
957 1705 992 1771 dl
1011 1743 1053 1756 -
1070 1706 1124 1771 sel
1143 1701 1277 1787 perorsi·

163 1816 245 1877 ριον,
267 1790 343 1875 ὅπερ
356 1794 451 1858 lseioe
464 1788 616 1877 ἆνήγιιρε,
637 1799 770 1859 κοιτῶνα
784 1791 899 1875 dusios
908 1787 1082 1874 derigentes,
1104 1793 1158 1854 ius
1171 1792 1278 1855 eluso-

165 1878 334 1962 peuoplvcv
351 1873 448 1944 salsos*
465 1879 500 1943 ἐν
519 1885 563 1965 τῷ
584 1884 650 1965 ναῷ
672 1878 768 1944 ineisa
785 1873 938 1965 καθεύδῃ.
980 1879 1034 1937 ubi
1049 1872 1214 1941 καθεύδειν
1229 1886 1278 1937 est

163 1984 227 2024 non
238 1975 303 2023 tem
314 1984 418 2025 somno
429 1966 561 2025 recreari
574 1984 665 2047 quam
679 1966 829 2045 qreiescere
840 1984 876 2023 ac
886 1965 1011 2022 sacrari.
1056 1961 1207 2023 eiusmodi
1219 1983 1279 2023 au·

164 2060 229 2109 tem
246 2050 308 2109 tuit
331 2060 361 2109 et
379 2052 413 2109 in
437 2070 508 2109 eum
529 2051 621 2109 finem
645 2058 797 2109 exstructa
819 2048 934 2109 exedra
958 2049 1103 2108 eudesius
1124 2047 1279 2122 adiuncta,

165 2137 252 2193 cuins
266 2138 405 2195 meminit
417 2138 593 2195 Anastasius
607 2138 642 2193 in
656 2136 802 2213 Gregorio
815 2150 866 2194 ιιι
876 2134 958 2212 fecit
971 2136 1062 2191 etim
1073 2135 1160 2193 eiecto
1172 2134 1280 2192 aroldi

162 2238 223 2298 pru
238 2222 336 2299 quiete
347 2220 516 2299 pontificis,
537 2219 592 2281 ubi
599 2230 671 2298 post
682 2222 831 2279 entiores
843 2218 1040 2277 martiriales
1052 2218 1103 2278 vel
1114 2220 1279 2277 misarum

165 2304 275 2385 officiis
295 2308 359 2365 eius
382 2306 508 2365 valeant
533 2304 668 2365 mssrhra
686 2305 836 2383 soporari,
865 2303 1031 2381 hospitium
1044 2324 1195 2382 parvum,
1223 2302 1280 2363 sat

163 2390 287 2449 sonare
309 2401 526 2464 consutionem,
546 2402 574 2449 et
590 2392 723 2469 picturis
741 2389 894 2449 decoravit
912 2390 1039 2447 ιαὶιαιῖν.
1082 2390 1126 2447 ita
1141 2398 1277 2448 metato-

163 2477 245 2535 rinm
259 2495 315 2535 seu
330 2474 520 2537 diaconicum
532 2478 669 2556 amplum
682 2476 848 2534 triclinium
857 2475 926 2548 fuit,
947 2476 1053 2556 inquo
1067 2485 1098 2533 et
1112 2474 1278 2554 imperator

164 2559 329 2637 diversari,
351 2558 500 2643 siquando
518 2582 536 2621 a
550 2561 679 2641 publicis
698 2562 778 2619 cittis
791 2561 886 2619 vellet
897 2557 1039 2619 secedere
1052 2570 1083 2619 et
1097 2560 1204 2639 pietati
1221 2578 1280 2620 va-

164 2664 252 2722 cere,
282 2656 314 2705 et
330 2644 449 2706 diacum
465 2645 635 2720 considere,
658 2656 688 2706 et
705 2643 815 2725 synodi
830 2646 951 2724 peragi,
973 2646 1075 2704 clerici
1092 2643 1277 2727 delinquen-

164 2741 212 2791 tes
232 2729 368 2806 includi‚
401 2750 486 2791 sacra
506 2732 651 2791 eeclesiae
669 2750 741 2789 rasa
761 2732 928 2790 ministeria
950 2740 982 2789 et
1000 2740 1100 2791 vestes
1118 2730 1278 2806 asservari,

164 2827 259 2897 atque
277 2814 353 2875 adeo
371 2818 437 2899 ipse
454 2814 608 2893 aedituus,
628 2816 679 2877 vel
696 2818 750 2897 qui
765 2817 874 2895 templi
888 2814 1085 2875 conservandi
1100 2834 1203 2874 curam
1216 2814 1280 2873 ha-

164 2901 275 2979 bebat,
297 2899 434 2962 habitare
455 2912 604 2983 poterant.
647 2898 783 2961 aedituos
805 2904 899 2975 istos,
920 2897 1003 2982 quod
1020 2902 1059 2959 iis
1078 2902 1165 2959 iuxta
1184 2898 1277 2961 aedes

164 3006 268 3047 sacras
297 2990 415 3047 mansio
443 2998 537 3063 esset,
573 2987 824 3069 ααραμοναρίονς
853 2996 960 3045 vocent
985 2984 1120 3065 synodus
1143 2986 1193 3045 cl>
1218 2986 1275 3045 sub

165 3075 280 3131 Manna
294 3074 364 3132 Aet.
377 3074 413 3148 ὁ,
435 3091 481 3133 r11
495 3070 610 3153 Synod.
624 3075 692 3131 Act.
705 3076 725 3137 7
740 3090 807 3131 oen.
822 3072 860 3146 5,
880 3081 911 3129 et
926 3074 1034 3131 Petrus
1047 3072 1199 3129 Diaconns
1214 3072 1276 3131 (ta-

167 3158 300 3218 sinensis
322 3159 355 3217 in
378 3159 477 3217 Relat.
499 3156 538 3218 de
561 3176 684 3237 corpore
704 3156 738 3218 S.
752 3155 910 3216 Benedicti
925 3161 1009 3233 n.2,
1031 3156 1280 3238 πρασμοναρίονς

167 3242 360 3303 definitiones
382 3244 502 3303 concilii
523 3240 706 3303 Chalcedon.
727 3262 795 3301 cau.
814 3247 851 3319 2,
871 3245 935 3302 lieo
955 3243 1149 3301 Grammatic.
1165 3245 1199 3299 in
1213 3244 1278 3300 Mi-

167 3326 274 3390 chaele
301 3329 400 3388 Bulbo
429 3350 462 3411 p.
490 3328 572 3405 459,
606 3340 636 3389 et
657 3329 821 3389 Belsamon
846 3326 887 3387 ud
905 3329 999 3386 Marci
1020 3338 1097 3407 patr.
1120 3347 1200 3407 resp.
1221 3330 1276 3393 28.
1292 3327 1316 3382 Ρ
1331 3325 1386 3385 596

165 3415 415 3496 κροαμοναρίανς
436 3416 528 3475 etiem
548 3412 680 3474 habuere
701 3415 849 3493 gentiles,
875 3416 902 3473 si
921 3432 981 3495 qua
1003 3414 1176 3491 Menologic
1200 3412 1277 3474 fides

167 3498 207 3559 ed
224 3504 264 3564 17
276 3500 464 3559 Novembris.
493 3518 570 3581 qnae
584 3498 709 3582 quidem
722 3519 785 3559 vox
798 3497 926 3559 habetur
937 3501 1029 3557 etium
1039 3501 1071 3556 in
1084 3500 1171 3557 ltalia
1184 3499 1278 3557 Sacra

168 3582 295 3665 Ughelli
309 3594 333 3643 t.
346 3587 367 3649 8
384 3606 415 3665 p.
426 3582 488 3651 421
505 3596 536 3645 et
550 3584 624 3650 423.
664 3595 696 3644 at
710 3586 765 3666 qui
771 3586 1009 3663 paraoroncriue
1022 3583 1132 3643 dicitur
1142 3584 1277 3641 Diacono

167 3670 344 3744 (lesinensi,
371 3672 596 3729 mansionariis
615 3680 806 3751 nuncupatur
826 3672 925 3731 Leoni
943 3671 1008 3729 Ost.
1027 3672 1048 3732 3
1075 3670 1128 3731 26.
1170 3678 1279 3727 notum

168 3766 272 3815 antem
292 3774 333 3813 ex
350 3756 494 3836 Gregorio
509 3758 552 3816 tt.
567 3757 682 3820 Diels
704 3755 746 3823 24
762 3766 793 3815 at
807 3756 849 3820 25
866 3756 1084 3813 αιααιὼαανιαι
1099 3762 1130 3811 et
1143 3753 1280 3811 custodes

168 3843 341 3921 promiscue
364 3843 528 3922 appellari,
562 3843 671 3924 quibus
695 3842 809 3901 scilicet
828 3837 1042 3901 custodiendae
1063 3837 1208 3897 ecclesiae
1227 3838 1280 3895 in-

169 3926 332 3985 cumbebat
362 3946 451 4002 cure3
483 3923 565 3987 unde
588 3923 770 3987 excubitores
788 3935 1001 4005 nuncupantur
1023 3925 1218 3983 mansionarii
1239 3923 1278 3981 ab

168 4008 356 4072 Aldrevaldo
369 4012 393 4072 l.
408 4020 421 4077 t
442 4010 480 4072 de
493 4015 597 4073 Misso.
611 4012 644 4073 S.
661 4010 828 4071 Benedicti.
870 4014 895 4070 ii
906 4012 988 4069 enim
1000 4028 1063 4067 non
1074 4006 1166 4067 modo
1179 4009 1279 4069 eccle·

170 4098 249 4157 atam
270 4094 328 4156 sed
348 4106 380 4156 et
398 4098 541 4179 reliquias
562 4108 595 4157 et
615 4095 805 4179 phylacteria
823 4095 999 4169 servabant,
1021 4103 1055 4153 ut
1071 4094 1223 4173 colligitur
1237 4113 1279 4154 ex

171 4180 281 4242 eodem
289 4184 393 4243 Leone
408 4185 471 4243 Ost.
487 4186 508 4247 2
528 4180 581 4247 34.
622 4182 704 4243 unde
718 4183 894 4261 marmerei
906 4179 979 4239 dicti
991 4181 1024 4237 in
1037 4180 1165 4240 concilio
1179 4184 1280 4240 Aure-

171 4268 246 4329 lian.
261 4284 289 4329 ιι
304 4286 371 4329 can.
384 4270 425 4334 te
440 4266 522 4351 apud
538 4268 664 4351 Gregcr.
675 4270 753 4332 Tur.
764 4266 958 4331 dentum
976 4264 1022 4331 te
1034 4275 1066 4326 at
1079 4267 1159 4327 ttist.
1177 4265 1199 4329 4
1221 4268 1279 4341 1¹3
