<?xml version="1.0" encoding="UTF-8"?>
<!DOCTYPE html PUBLIC "-//W3C//DTD XHTML 1.0 Transitional//EN"
    "http://www.w3.org/TR/xhtml1/DTD/xhtml1-transitional.dtd">
<html xmlns="http://www.w3.org/1999/xhtml" xml:lang="en" lang="en">
 <head>
  <title>
</title>
<meta http-equiv="Content-Type" content="text/html;charset=utf-8" />
  <meta name='ocr-system' content='tesseract 3.04.00' />
  <meta name='ocr-capabilities' content='ocr_page ocr_carea ocr_par ocr_line ocrx_word'/>
</head>
<body>
  <div class='ocr_page' id='page_1' title='image "./corpusscriptoru19theogoog_0536.png"; bbox 0 0 3017 4817; ppageno 0'>
   <div class='ocr_carea' id='block_1_1' title="bbox 288 333 921 410">
    <p class='ocr_par' dir='ltr' id='par_1_1' title="bbox 288 333 921 410">
     <span class='ocr_line' id='line_1_1' title="bbox 288 333 921 410; baseline -0.009 -1"><span class='ocrx_word' id='word_1_1' title='bbox 288 335 362 410; x_wconf 88' lang='lat'>116</span> <span class='ocrx_word' id='word_1_2' title='bbox 750 333 921 405; x_wconf 73' lang='lat' dir='ltr'>Patavii</span> 
     </span>
    </p>
   </div>
   <div class='ocr_carea' id='block_1_2' title="bbox 284 489 1385 2980">
    <p class='ocr_par' dir='ltr' id='par_1_2' title="bbox 288 489 1383 1174">
     <span class='ocr_line' id='line_1_2' title="bbox 372 489 1383 578; baseline -0.012 -11"><span class='ocrx_word' id='word_1_3' title='bbox 372 517 403 578; x_wconf 78' lang='lat' dir='ltr'>P·</span> <span class='ocrx_word' id='word_1_4' title='bbox 418 497 458 566; x_wconf 78' lang='lat'>25</span> <span class='ocrx_word' id='word_1_5' title='bbox 471 517 501 558; x_wconf 74' lang='lat' dir='ltr'>v·</span> <span class='ocrx_word' id='word_1_6' title='bbox 519 500 549 562; x_wconf 85' lang='lat'>1.</span> <span class='ocrx_word' id='word_1_7' title='bbox 590 494 653 562; x_wconf 75' lang='lat' dir='ltr'>dei</span> <span class='ocrx_word' id='word_1_8' title='bbox 674 489 708 563; x_wconf 81' lang='lat' dir='ltr'>dl</span> <span class='ocrx_word' id='word_1_9' title='bbox 727 495 783 563; x_wconf 75' lang='lat' dir='ltr'>sdv</span> <span class='ocrx_word' id='word_1_10' title='bbox 802 491 896 562; x_wconf 79' lang='grc' dir='ltr'><strong><em>αείείν</em></strong></span> <span class='ocrx_word' id='word_1_11' title='bbox 908 489 1037 578; x_wconf 72' lang='lat' dir='ltr'>mods]</span> <span class='ocrx_word' id='word_1_12' title='bbox 1057 497 1189 556; x_wconf 70' lang='lat' dir='ltr'>zonam</span> <span class='ocrx_word' id='word_1_13' title='bbox 1204 495 1243 556; x_wconf 93' lang='lat' dir='ltr'>de</span> <span class='ocrx_word' id='word_1_14' title='bbox 1255 494 1383 556; x_wconf 80' lang='lat' dir='ltr'>Maelio-</span> 
     </span>
     <span class='ocr_line' id='line_1_3' title="bbox 288 577 1383 670; baseline 0.001 -26"><span class='ocrx_word' id='word_1_15' title='bbox 288 593 384 644; x_wconf 87' lang='lat' dir='ltr'>meto:</span> <span class='ocrx_word' id='word_1_16' title='bbox 404 580 626 665; x_wconf 75' lang='grc' dir='ltr'><strong><em>ὖιιοστρίφοντι</em></strong></span> <span class='ocrx_word' id='word_1_17' title='bbox 642 581 675 647; x_wconf 81' lang='lat' dir='ltr'>dl</span> <span class='ocrx_word' id='word_1_18' title='bbox 688 586 731 670; x_wconf 74' lang='grc' dir='ltr'>τῷ</span> <span class='ocrx_word' id='word_1_19' title='bbox 744 584 864 666; x_wconf 69' lang='grc' dir='ltr'><strong><em>βασιλεῖ</em></strong></span> <span class='ocrx_word' id='word_1_20' title='bbox 872 577 969 668; x_wconf 68' lang='grc' dir='ltr'><strong><em>τούτῳ</em></strong></span> <span class='ocrx_word' id='word_1_21' title='bbox 983 581 1018 646; x_wconf 68' lang='lat' dir='ltr'>tx</span> <span class='ocrx_word' id='word_1_22' title='bbox 1030 583 1179 663; x_wconf 74' lang='grc' dir='ltr'><strong><em>Περσίδος</em></strong></span> <span class='ocrx_word' id='word_1_23' title='bbox 1193 579 1383 664; x_wconf 77' lang='grc' dir='ltr'><strong><em>ιροπαιοφό·</em></strong></span> 
     </span>
     <span class='ocr_line' id='line_1_4' title="bbox 288 661 1380 752; baseline -0.005 -22"><span class='ocrx_word' id='word_1_24' title='bbox 288 693 332 752; x_wconf 77' lang='grc' dir='ltr'>ρῳ</span> <span class='ocrx_word' id='word_1_25' title='bbox 345 661 483 750; x_wconf 77' lang='grc' dir='ltr'><strong><em>πρόσεισι</em></strong></span> <span class='ocrx_word' id='word_1_26' title='bbox 497 663 634 749; x_wconf 73' lang='grc' dir='ltr'><strong><em>Μοιίμεθ</em></strong></span> <span class='ocrx_word' id='word_1_27' title='bbox 646 667 666 731; x_wconf 86' lang='lat' dir='ltr'>d</span> <span class='ocrx_word' id='word_1_28' title='bbox 678 672 741 732; x_wconf 78' lang='lat' dir='ltr'>sois</span> <span class='ocrx_word' id='word_1_29' title='bbox 753 673 941 750; x_wconf 77' lang='grc' dir='ltr'><strong><em>Σαραοιηνόν</em></strong></span> <span class='ocrx_word' id='word_1_30' title='bbox 953 663 1107 749; x_wconf 68' lang='grc' dir='ltr'><strong><em>φύλαρχος</em></strong></span> <span class='ocrx_word' id='word_1_31' title='bbox 1120 679 1176 727; x_wconf 86' lang='lat' dir='ltr'>etc.</span> <span class='ocrx_word' id='word_1_32' title='bbox 1197 669 1380 747; x_wconf 74' lang='lat' dir='ltr'><strong>paulopost:</strong></span> 
     </span>
     <span class='ocr_line' id='line_1_5' title="bbox 290 745 1382 836; baseline -0.004 -18"><span class='ocrx_word' id='word_1_33' title='bbox 290 745 381 828; x_wconf 67' lang='lat' dir='ltr'>oleae</span> <span class='ocrx_word' id='word_1_34' title='bbox 395 745 452 818; x_wconf 77' lang='grc' dir='ltr'>οὖν</span> <span class='ocrx_word' id='word_1_35' title='bbox 464 752 497 816; x_wconf 78' lang='lat' dir='ltr'>its</span> <span class='ocrx_word' id='word_1_36' title='bbox 509 754 726 836; x_wconf 77' lang='grc' dir='ltr'><strong><em>τῆςΑίθρίβου</em></strong></span> <span class='ocrx_word' id='word_1_37' title='bbox 742 751 860 834; x_wconf 73' lang='grc' dir='ltr'><strong><em>προῖοίν</em></strong></span> <span class='ocrx_word' id='word_1_38' title='bbox 871 758 1048 833; x_wconf 74' lang='grc' dir='ltr'><strong><em>προσῆλθεν</em></strong></span> <span class='ocrx_word' id='word_1_39' title='bbox 1061 756 1105 834; x_wconf 76' lang='grc' dir='ltr'>τῷ</span> <span class='ocrx_word' id='word_1_40' title='bbox 1120 756 1251 833; x_wconf 75' lang='grc' dir='ltr'><strong><em>βασιλεῖ,</em></strong></span> <span class='ocrx_word' id='word_1_41' title='bbox 1280 747 1382 831; x_wconf 68' lang='grc' dir='ltr'><strong><em>χοίρου</em></strong></span> 
     </span>
     <span class='ocr_line' id='line_1_6' title="bbox 289 836 1382 919; baseline -0.005 -17"><span class='ocrx_word' id='word_1_42' title='bbox 289 839 382 902; x_wconf 70' lang='lat' dir='ltr'>eleae</span> <span class='ocrx_word' id='word_1_43' title='bbox 406 839 449 912; x_wconf 85' lang='grc' dir='ltr'>είς</span> <span class='ocrx_word' id='word_1_44' title='bbox 469 839 652 919; x_wconf 75' lang='grc' dir='ltr'><strong><em>κατοίκησιν,</em></strong></span> <span class='ocrx_word' id='word_1_45' title='bbox 672 837 723 900; x_wconf 84' lang='lat' dir='ltr'>sal</span> <span class='ocrx_word' id='word_1_46' title='bbox 739 838 834 919; x_wconf 71' lang='grc' dir='ltr'><strong><em>ἔλαβε.</em></strong></span> <span class='ocrx_word' id='word_1_47' title='bbox 855 836 895 898; x_wconf 92' lang='lat' dir='ltr'>ad</span> <span class='ocrx_word' id='word_1_48' title='bbox 913 857 1027 896; x_wconf 83' lang='lat' dir='ltr'>aunum</span> <span class='ocrx_word' id='word_1_49' title='bbox 1041 841 1170 917; x_wconf 78' lang='lat' dir='ltr'>pertinet</span> <span class='ocrx_word' id='word_1_50' title='bbox 1185 839 1316 896; x_wconf 89' lang='lat' dir='ltr'>Heraclii</span> <span class='ocrx_word' id='word_1_51' title='bbox 1332 838 1382 910; x_wconf 87' lang='grc'>18,</span> 
     </span>
     <span class='ocr_line' id='line_1_7' title="bbox 289 921 1381 1004; baseline -0.004 -21"><span class='ocrx_word' id='word_1_52' title='bbox 289 921 485 998; x_wconf 69' lang='lat' dir='ltr'>chaenone,</span> <span class='ocrx_word' id='word_1_53' title='bbox 507 943 568 1004; x_wconf 91' lang='lat' dir='ltr'>quo</span> <span class='ocrx_word' id='word_1_54' title='bbox 583 945 600 980; x_wconf 90' lang='lat' dir='ltr'>e</span> <span class='ocrx_word' id='word_1_55' title='bbox 615 923 737 982; x_wconf 78' lang='lat' dir='ltr'>Perside</span> <span class='ocrx_word' id='word_1_56' title='bbox 750 926 846 984; x_wconf 83' lang='lat' dir='ltr'>victor</span> <span class='ocrx_word' id='word_1_57' title='bbox 857 925 977 1003; x_wconf 78' lang='lat' dir='ltr'>cpolim</span> <span class='ocrx_word' id='word_1_58' title='bbox 989 942 1141 1002; x_wconf 74' lang='lat' dir='ltr'>regressus</span> <span class='ocrx_word' id='word_1_59' title='bbox 1157 934 1211 982; x_wconf 86' lang='lat' dir='ltr'>est.</span> <span class='ocrx_word' id='word_1_60' title='bbox 1238 922 1294 981; x_wconf 88' lang='lat' dir='ltr'>sed</span> <span class='ocrx_word' id='word_1_61' title='bbox 1302 941 1381 980; x_wconf 92' lang='lat' dir='ltr'>non-</span> 
     </span>
     <span class='ocr_line' id='line_1_8' title="bbox 289 1005 1380 1087; baseline -0.004 -19"><span class='ocrx_word' id='word_1_62' title='bbox 289 1005 364 1068; x_wconf 90' lang='lat' dir='ltr'>dum</span> <span class='ocrx_word' id='word_1_63' title='bbox 380 1019 490 1084; x_wconf 87' lang='lat' dir='ltr'>tamen,</span> <span class='ocrx_word' id='word_1_64' title='bbox 512 1017 547 1066; x_wconf 94' lang='lat' dir='ltr'>ut</span> <span class='ocrx_word' id='word_1_65' title='bbox 563 1010 689 1087; x_wconf 81' lang='lat' dir='ltr'>opinor,</span> <span class='ocrx_word' id='word_1_66' title='bbox 710 1010 823 1069; x_wconf 77' lang='lat' dir='ltr'>Arabes</span> <span class='ocrx_word' id='word_1_67' title='bbox 836 1011 1040 1068; x_wconf 84' lang='lat' dir='ltr'>Romanomm</span> <span class='ocrx_word' id='word_1_68' title='bbox 1054 1011 1181 1087; x_wconf 86' lang='lat' dir='ltr'>imperio</span> <span class='ocrx_word' id='word_1_69' title='bbox 1194 1009 1299 1068; x_wconf 74' lang='lat' dir='ltr'>infesti</span> <span class='ocrx_word' id='word_1_70' title='bbox 1312 1009 1380 1065; x_wconf 81' lang='lat' dir='ltr'>fue·</span> 
     </span>
     <span class='ocr_line' id='line_1_9' title="bbox 289 1091 1149 1174; baseline -0.002 -22"><span class='ocrx_word' id='word_1_71' title='bbox 289 1103 370 1169; x_wconf 82' lang='lat' dir='ltr'>rrsnt,</span> <span class='ocrx_word' id='word_1_72' title='bbox 391 1091 444 1150; x_wconf 90' lang='lat' dir='ltr'>sed</span> <span class='ocrx_word' id='word_1_73' title='bbox 459 1113 538 1151; x_wconf 86' lang='lat' dir='ltr'>anno</span> <span class='ocrx_word' id='word_1_74' title='bbox 550 1104 654 1173; x_wconf 88' lang='lat' dir='ltr'>postea</span> <span class='ocrx_word' id='word_1_75' title='bbox 667 1097 764 1168; x_wconf 87' lang='lat' dir='ltr'>tertio,</span> <span class='ocrx_word' id='word_1_76' title='bbox 786 1105 821 1154; x_wconf 88' lang='lat' dir='ltr'>ut</span> <span class='ocrx_word' id='word_1_77' title='bbox 834 1095 924 1174; x_wconf 92' lang='lat' dir='ltr'>paulo</span> <span class='ocrx_word' id='word_1_78' title='bbox 939 1103 1007 1172; x_wconf 90' lang='lat' dir='ltr'>post</span> <span class='ocrx_word' id='word_1_79' title='bbox 1025 1091 1149 1151; x_wconf 88' lang='lat' dir='ltr'>dicetur.</span> 
     </span>
    </p>

    <p class='ocr_par' dir='ltr' id='par_1_3' title="bbox 285 1173 1382 2274">
     <span class='ocr_line' id='line_1_10' title="bbox 350 1173 1381 1258; baseline -0.004 -24"><span class='ocrx_word' id='word_1_80' title='bbox 350 1177 412 1258; x_wconf 47' lang='lat' dir='ltr'>ff·</span> <span class='ocrx_word' id='word_1_81' title='bbox 432 1198 461 1236; x_wconf 79' lang='grc' dir='ltr'>τ.</span> <span class='ocrx_word' id='word_1_82' title='bbox 479 1181 509 1240; x_wconf 87' lang='lat'>8.</span> <span class='ocrx_word' id='word_1_83' title='bbox 554 1173 648 1253; x_wconf 77' lang='grc' dir='ltr'><strong><em>ατίτός</em></strong></span> <span class='ocrx_word' id='word_1_84' title='bbox 672 1175 705 1240; x_wconf 83' lang='lat' dir='ltr'>dl</span> <span class='ocrx_word' id='word_1_85' title='bbox 727 1175 846 1258; x_wconf 78' lang='grc' dir='ltr'><strong><em>ίαβοίν]</em></strong></span> <span class='ocrx_word' id='word_1_86' title='bbox 868 1197 947 1238; x_wconf 81' lang='lat' dir='ltr'>suno</span> <span class='ocrx_word' id='word_1_87' title='bbox 972 1179 1091 1257; x_wconf 88' lang='lat' dir='ltr'>imperii</span> <span class='ocrx_word' id='word_1_88' title='bbox 1112 1181 1161 1258; x_wconf 83' lang='lat' dir='ltr'>sui</span> <span class='ocrx_word' id='word_1_89' title='bbox 1179 1179 1235 1251; x_wconf 85' lang='lat'>19,</span> <span class='ocrx_word' id='word_1_90' title='bbox 1267 1178 1309 1236; x_wconf 84' lang='lat' dir='ltr'>ait</span> <span class='ocrx_word' id='word_1_91' title='bbox 1323 1175 1381 1232; x_wconf 76' lang='lat' dir='ltr'>ce·</span> 
     </span>
     <span class='ocr_line' id='line_1_11' title="bbox 287 1259 1382 1342; baseline -0.003 -22"><span class='ocrx_word' id='word_1_92' title='bbox 287 1259 397 1321; x_wconf 84' lang='lat' dir='ltr'>drenus</span> <span class='ocrx_word' id='word_1_93' title='bbox 411 1281 446 1320; x_wconf 91' lang='lat' dir='ltr'>ao</span> <span class='ocrx_word' id='word_1_94' title='bbox 461 1259 674 1341; x_wconf 77' lang='lat' dir='ltr'>Theophanes,</span> <span class='ocrx_word' id='word_1_95' title='bbox 695 1274 854 1342; x_wconf 80' lang='lat' dir='ltr'>appetente</span> <span class='ocrx_word' id='word_1_96' title='bbox 868 1283 939 1322; x_wconf 85' lang='lat' dir='ltr'>vere</span> <span class='ocrx_word' id='word_1_97' title='bbox 957 1263 1043 1340; x_wconf 80' lang='lat' dir='ltr'>cpoli</span> <span class='ocrx_word' id='word_1_98' title='bbox 1061 1262 1212 1340; x_wconf 84' lang='lat' dir='ltr'>profectus</span> <span class='ocrx_word' id='word_1_99' title='bbox 1228 1263 1382 1318; x_wconf 80' lang='lat' dir='ltr'>Heraclius</span> 
     </span>
     <span class='ocr_line' id='line_1_12' title="bbox 286 1344 1381 1426; baseline -0.001 -22"><span class='ocrx_word' id='word_1_100' title='bbox 286 1348 527 1426; x_wconf 71' lang='lat' dir='ltr'>Hierusolymam</span> <span class='ocrx_word' id='word_1_101' title='bbox 551 1349 680 1426; x_wconf 86' lang='lat' dir='ltr'>pretiosa</span> <span class='ocrx_word' id='word_1_102' title='bbox 701 1367 736 1404; x_wconf 87' lang='lat' dir='ltr'>ao</span> <span class='ocrx_word' id='word_1_103' title='bbox 762 1348 878 1406; x_wconf 77' lang='lat' dir='ltr'>vivifica</span> <span class='ocrx_word' id='word_1_104' title='bbox 907 1349 1002 1405; x_wconf 87' lang='lat' dir='ltr'>erucis</span> <span class='ocrx_word' id='word_1_105' title='bbox 1029 1348 1112 1424; x_wconf 85' lang='lat' dir='ltr'>ligna</span> <span class='ocrx_word' id='word_1_106' title='bbox 1134 1366 1239 1404; x_wconf 90' lang='lat' dir='ltr'>secum</span> <span class='ocrx_word' id='word_1_107' title='bbox 1263 1344 1381 1417; x_wconf 89' lang='lat' dir='ltr'>detulit,</span> 
     </span>
     <span class='ocr_line' id='line_1_13' title="bbox 286 1425 1381 1516; baseline -0.007 -22"><span class='ocrx_word' id='word_1_108' title='bbox 286 1425 451 1514; x_wconf 75' lang='grc' dir='ltr'><strong><em>οίπαγαγοίν</em></strong></span> <span class='ocrx_word' id='word_1_109' title='bbox 473 1426 510 1492; x_wconf 71' lang='grc' dir='ltr'>τὰ</span> <span class='ocrx_word' id='word_1_110' title='bbox 531 1435 613 1511; x_wconf 86' lang='grc' dir='ltr'><strong><em>τίμια</em></strong></span> <span class='ocrx_word' id='word_1_111' title='bbox 633 1430 686 1494; x_wconf 82' lang='lat' dir='ltr'>sal</span> <span class='ocrx_word' id='word_1_112' title='bbox 709 1429 840 1516; x_wconf 70' lang='grc' dir='ltr'><strong><em>ζροοτιοιᾶ</em></strong></span> <span class='ocrx_word' id='word_1_113' title='bbox 854 1426 945 1507; x_wconf 52' lang='lat' dir='ltr'>bilo,</span> <span class='ocrx_word' id='word_1_114' title='bbox 974 1442 1009 1490; x_wconf 91' lang='lat' dir='ltr'>ut</span> <span class='ocrx_word' id='word_1_115' title='bbox 1023 1432 1156 1511; x_wconf 82' lang='lat' dir='ltr'>loquitur</span> <span class='ocrx_word' id='word_1_116' title='bbox 1167 1429 1381 1509; x_wconf 83' lang='lat' dir='ltr'>Theophanes.</span> 
     </span>
     <span class='ocr_line' id='line_1_14' title="bbox 285 1516 1382 1596; baseline -0.004 -21"><span class='ocrx_word' id='word_1_117' title='bbox 285 1519 328 1575; x_wconf 88' lang='lat' dir='ltr'>ita</span> <span class='ocrx_word' id='word_1_118' title='bbox 347 1517 453 1576; x_wconf 81' lang='lat' dir='ltr'>Graeci</span> <span class='ocrx_word' id='word_1_119' title='bbox 477 1517 634 1596; x_wconf 87' lang='lat' dir='ltr'>scriptores</span> <span class='ocrx_word' id='word_1_120' title='bbox 662 1535 767 1576; x_wconf 90' lang='lat' dir='ltr'>omues</span> <span class='ocrx_word' id='word_1_121' title='bbox 789 1536 830 1575; x_wconf 85' lang='lat' dir='ltr'>ex</span> <span class='ocrx_word' id='word_1_122' title='bbox 850 1517 987 1595; x_wconf 82' lang='lat' dir='ltr'>legitima</span> <span class='ocrx_word' id='word_1_123' title='bbox 1009 1516 1140 1574; x_wconf 85' lang='lat' dir='ltr'>formula</span> <span class='ocrx_word' id='word_1_124' title='bbox 1163 1517 1382 1574; x_wconf 82' lang='lat' dir='ltr'>sanctissimam</span> 
     </span>
     <span class='ocr_line' id='line_1_15' title="bbox 286 1599 1381 1682; baseline -0.004 -22"><span class='ocrx_word' id='word_1_125' title='bbox 286 1599 397 1660; x_wconf 79' lang='lat' dir='ltr'>Christi</span> <span class='ocrx_word' id='word_1_126' title='bbox 417 1621 536 1660; x_wconf 80' lang='lat' dir='ltr'>erucem</span> <span class='ocrx_word' id='word_1_127' title='bbox 555 1603 705 1681; x_wconf 86' lang='lat' dir='ltr'>appellare</span> <span class='ocrx_word' id='word_1_128' title='bbox 725 1603 839 1677; x_wconf 87' lang='lat' dir='ltr'>solent,</span> <span class='ocrx_word' id='word_1_129' title='bbox 874 1611 964 1682; x_wconf 84' lang='lat' dir='ltr'>etque</span> <span class='ocrx_word' id='word_1_130' title='bbox 975 1602 1054 1658; x_wconf 91' lang='lat' dir='ltr'>inter</span> <span class='ocrx_word' id='word_1_131' title='bbox 1066 1603 1140 1673; x_wconf 79' lang='lat' dir='ltr'>alios</span> <span class='ocrx_word' id='word_1_132' title='bbox 1152 1599 1336 1680; x_wconf 87' lang='lat' dir='ltr'>Nicephorus</span> <span class='ocrx_word' id='word_1_133' title='bbox 1347 1601 1381 1656; x_wconf 90' lang='lat' dir='ltr'>iu</span> 
     </span>
     <span class='ocr_line' id='line_1_16' title="bbox 285 1681 1380 1770; baseline -0.001 -24"><span class='ocrx_word' id='word_1_134' title='bbox 285 1684 451 1746; x_wconf 79' lang='lat' dir='ltr'>chronico:</span> <span class='ocrx_word' id='word_1_135' title='bbox 478 1686 530 1748; x_wconf 84' lang='lat' dir='ltr'>sol</span> <span class='ocrx_word' id='word_1_136' title='bbox 549 1686 568 1749; x_wconf 79' lang='grc' dir='ltr'><strong><em>ί</em></strong></span> <span class='ocrx_word' id='word_1_137' title='bbox 590 1683 735 1770; x_wconf 62' lang='lat' dir='ltr'>{portoria</span> <span class='ocrx_word' id='word_1_138' title='bbox 749 1681 873 1769; x_wconf 71' lang='grc' dir='ltr'><strong><em>σταυρὸς</em></strong></span> <span class='ocrx_word' id='word_1_139' title='bbox 888 1692 952 1759; x_wconf 78' lang='grc' dir='ltr'><strong><em>τοῖς</em></strong></span> <span class='ocrx_word' id='word_1_140' title='bbox 967 1686 1057 1759; x_wconf 65' lang='lat' dir='ltr'>toton</span> <span class='ocrx_word' id='word_1_141' title='bbox 1070 1681 1174 1759; x_wconf 79' lang='grc' dir='ltr'><strong><em>τόποις</em></strong></span> <span class='ocrx_word' id='word_1_142' title='bbox 1187 1681 1380 1764; x_wconf 74' lang='grc' dir='ltr'><strong><em>οἷιτοτατὲστιρ.</em></strong></span> 
     </span>
     <span class='ocr_line' id='line_1_17' title="bbox 285 1768 1382 1852; baseline -0.002 -24"><span class='ocrx_word' id='word_1_143' title='bbox 285 1788 378 1852; x_wconf 90' lang='lat' dir='ltr'>quem</span> <span class='ocrx_word' id='word_1_144' title='bbox 394 1769 433 1829; x_wconf 90' lang='lat' dir='ltr'>ad</span> <span class='ocrx_word' id='word_1_145' title='bbox 447 1771 547 1830; x_wconf 81' lang='lat' dir='ltr'>locum</span> <span class='ocrx_word' id='word_1_146' title='bbox 563 1768 733 1830; x_wconf 80' lang='lat' dir='ltr'>loschimus</span> <span class='ocrx_word' id='word_1_147' title='bbox 747 1772 934 1830; x_wconf 82' lang='lat' dir='ltr'>Camerarius</span> <span class='ocrx_word' id='word_1_148' title='bbox 947 1791 987 1828; x_wconf 87' lang='lat' dir='ltr'>ex</span> <span class='ocrx_word' id='word_1_149' title='bbox 1000 1768 1128 1828; x_wconf 63' lang='lat' dir='ltr'>liutheri</span> <span class='ocrx_word' id='word_1_150' title='bbox 1145 1773 1270 1848; x_wconf 86' lang='lat' dir='ltr'>pistrino</span> <span class='ocrx_word' id='word_1_151' title='bbox 1285 1771 1382 1827; x_wconf 84' lang='lat' dir='ltr'>mults</span> 
     </span>
     <span class='ocr_line' id='line_1_18' title="bbox 286 1853 1379 1935; baseline -0.003 -20"><span class='ocrx_word' id='word_1_152' title='bbox 286 1867 389 1915; x_wconf 85' lang='lat' dir='ltr'>contra</span> <span class='ocrx_word' id='word_1_153' title='bbox 408 1855 440 1914; x_wconf 81' lang='lat' dir='ltr'>S.</span> <span class='ocrx_word' id='word_1_154' title='bbox 455 1859 549 1914; x_wconf 83' lang='lat' dir='ltr'>crucis</span> <span class='ocrx_word' id='word_1_155' title='bbox 565 1857 679 1914; x_wconf 79' lang='lat' dir='ltr'>uultum</span> <span class='ocrx_word' id='word_1_156' title='bbox 693 1875 754 1915; x_wconf 90' lang='lat' dir='ltr'>nou</span> <span class='ocrx_word' id='word_1_157' title='bbox 769 1860 869 1915; x_wconf 89' lang='lat' dir='ltr'>minus</span> <span class='ocrx_word' id='word_1_158' title='bbox 889 1854 998 1916; x_wconf 82' lang='lat' dir='ltr'>stolide</span> <span class='ocrx_word' id='word_1_159' title='bbox 1014 1874 1107 1935; x_wconf 87' lang='lat' dir='ltr'>quam</span> <span class='ocrx_word' id='word_1_160' title='bbox 1121 1858 1256 1935; x_wconf 88' lang='lat' dir='ltr'>imperite</span> <span class='ocrx_word' id='word_1_161' title='bbox 1271 1853 1379 1932; x_wconf 87' lang='lat' dir='ltr'>dispu-</span> 
     </span>
     <span class='ocr_line' id='line_1_19' title="bbox 285 1935 1378 2024; baseline -0.003 -25"><span class='ocrx_word' id='word_1_162' title='bbox 285 1951 341 1999; x_wconf 87' lang='lat' dir='ltr'>tat.</span> <span class='ocrx_word' id='word_1_163' title='bbox 384 1950 414 1997; x_wconf 88' lang='lat' dir='ltr'>et</span> <span class='ocrx_word' id='word_1_164' title='bbox 434 1939 533 2019; x_wconf 84' lang='grc' dir='ltr'><strong><em>τίμιον</em></strong></span> <span class='ocrx_word' id='word_1_165' title='bbox 553 1938 678 2020; x_wconf 88' lang='lat' dir='ltr'>quidem</span> <span class='ocrx_word' id='word_1_166' title='bbox 699 1944 799 2000; x_wconf 80' lang='lat' dir='ltr'>vocari</span> <span class='ocrx_word' id='word_1_167' title='bbox 818 1951 971 2022; x_wconf 83' lang='lat' dir='ltr'>utcunque</span> <span class='ocrx_word' id='word_1_168' title='bbox 989 1943 1120 2020; x_wconf 88' lang='lat' dir='ltr'>patitur,</span> <span class='ocrx_word' id='word_1_169' title='bbox 1146 1935 1290 2024; x_wconf 71' lang='grc' dir='ltr'><strong><em>ζςοοκοιόν</em></strong></span> <span class='ocrx_word' id='word_1_170' title='bbox 1304 1957 1378 1996; x_wconf 73' lang='lat' dir='ltr'>vero</span> 
     </span>
     <span class='ocr_line' id='line_1_20' title="bbox 285 2022 1379 2108; baseline -0.005 -24"><span class='ocrx_word' id='word_1_171' title='bbox 285 2024 371 2084; x_wconf 80' lang='lat' dir='ltr'>netes</span> <span class='ocrx_word' id='word_1_172' title='bbox 394 2043 459 2083; x_wconf 84' lang='lat' dir='ltr'>esse</span> <span class='ocrx_word' id='word_1_173' title='bbox 483 2035 578 2105; x_wconf 87' lang='lat' dir='ltr'>putet.</span> <span class='ocrx_word' id='word_1_174' title='bbox 620 2025 712 2108; x_wconf 90' lang='lat' dir='ltr'>idque</span> <span class='ocrx_word' id='word_1_175' title='bbox 733 2027 920 2106; x_wconf 88' lang='lat' dir='ltr'>ineptissima</span> <span class='ocrx_word' id='word_1_176' title='bbox 939 2027 1181 2099; x_wconf 86' lang='lat' dir='ltr'>ratiocinatione,</span> <span class='ocrx_word' id='word_1_177' title='bbox 1210 2022 1266 2082; x_wconf 86' lang='lat' dir='ltr'>sed</span> <span class='ocrx_word' id='word_1_178' title='bbox 1282 2026 1379 2102; x_wconf 86' lang='lat' dir='ltr'>impie</span> 
     </span>
     <span class='ocr_line' id='line_1_21' title="bbox 286 2108 1381 2190; baseline -0.002 -22"><span class='ocrx_word' id='word_1_179' title='bbox 286 2119 374 2190; x_wconf 85' lang='lat' dir='ltr'>atque</span> <span class='ocrx_word' id='word_1_180' title='bbox 393 2111 539 2188; x_wconf 85' lang='lat' dir='ltr'>sacrilega</span> <span class='ocrx_word' id='word_1_181' title='bbox 557 2109 682 2169; x_wconf 86' lang='lat' dir='ltr'>suadere</span> <span class='ocrx_word' id='word_1_182' title='bbox 700 2109 862 2169; x_wconf 85' lang='lat' dir='ltr'>contendit.</span> <span class='ocrx_word' id='word_1_183' title='bbox 905 2120 1047 2168; x_wconf 76' lang='lat' dir='ltr'>sexcenta</span> <span class='ocrx_word' id='word_1_184' title='bbox 1066 2122 1137 2169; x_wconf 90' lang='lat' dir='ltr'>sunt</span> <span class='ocrx_word' id='word_1_185' title='bbox 1154 2108 1243 2168; x_wconf 83' lang='lat' dir='ltr'>briius</span> <span class='ocrx_word' id='word_1_186' title='bbox 1262 2111 1381 2188; x_wconf 83' lang='lat' dir='ltr'>generis</span> 
     </span>
     <span class='ocr_line' id='line_1_22' title="bbox 285 2191 1120 2274; baseline -0.002 -20"><span class='ocrx_word' id='word_1_187' title='bbox 285 2195 318 2254; x_wconf 84' lang='lat' dir='ltr'>in</span> <span class='ocrx_word' id='word_1_188' title='bbox 334 2197 399 2253; x_wconf 87' lang='lat' dir='ltr'>istis</span> <span class='ocrx_word' id='word_1_189' title='bbox 416 2191 538 2254; x_wconf 90' lang='lat' dir='ltr'>scholiis</span> <span class='ocrx_word' id='word_1_190' title='bbox 554 2195 591 2253; x_wconf 90' lang='lat' dir='ltr'>ab</span> <span class='ocrx_word' id='word_1_191' title='bbox 605 2198 711 2256; x_wconf 88' lang='lat' dir='ltr'>insano</span> <span class='ocrx_word' id='word_1_192' title='bbox 726 2199 822 2274; x_wconf 87' lang='lat' dir='ltr'>capite</span> <span class='ocrx_word' id='word_1_193' title='bbox 835 2196 983 2256; x_wconf 74' lang='lat' dir='ltr'>tinniente</span> <span class='ocrx_word' id='word_1_194' title='bbox 999 2197 1120 2274; x_wconf 85' lang='lat' dir='ltr'>scripta.</span> 
     </span>
    </p>

    <p class='ocr_par' dir='ltr' id='par_1_4' title="bbox 284 2278 1385 2980">
     <span class='ocr_line' id='line_1_23' title="bbox 369 2278 1381 2366; baseline -0.002 -28"><span class='ocrx_word' id='word_1_195' title='bbox 369 2278 412 2338; x_wconf 84' lang='lat' dir='ltr'>ib.</span> <span class='ocrx_word' id='word_1_196' title='bbox 437 2299 466 2338; x_wconf 84' lang='grc' dir='ltr'>τ.</span> <span class='ocrx_word' id='word_1_197' title='bbox 490 2284 539 2344; x_wconf 83' lang='grc'>10-</span> <span class='ocrx_word' id='word_1_198' title='bbox 601 2281 652 2342; x_wconf 78' lang='grc' dir='ltr'><strong><em>καί</em></strong></span> <span class='ocrx_word' id='word_1_199' title='bbox 686 2279 851 2366; x_wconf 67' lang='lat' dir='ltr'>Modiam]</span> <span class='ocrx_word' id='word_1_200' title='bbox 896 2278 1067 2339; x_wconf 84' lang='lat' dir='ltr'>Modestum</span> <span class='ocrx_word' id='word_1_201' title='bbox 1104 2281 1381 2358; x_wconf 82' lang='lat' dir='ltr'>Hierosolymorum</span> 
     </span>
     <span class='ocr_line' id='line_1_24' title="bbox 286 2363 1381 2445; baseline -0.002 -23"><span class='ocrx_word' id='word_1_202' title='bbox 286 2365 462 2444; x_wconf 85' lang='lat' dir='ltr'>episcopum</span> <span class='ocrx_word' id='word_1_203' title='bbox 476 2363 569 2423; x_wconf 78' lang='lat' dir='ltr'>luisse</span> <span class='ocrx_word' id='word_1_204' title='bbox 583 2364 695 2424; x_wconf 82' lang='lat' dir='ltr'>excidii</span> <span class='ocrx_word' id='word_1_205' title='bbox 705 2375 840 2444; x_wconf 87' lang='lat' dir='ltr'>tempore</span> <span class='ocrx_word' id='word_1_206' title='bbox 853 2363 1038 2445; x_wconf 80' lang='lat' dir='ltr'>Nicephorus</span> <span class='ocrx_word' id='word_1_207' title='bbox 1053 2376 1156 2424; x_wconf 88' lang='lat' dir='ltr'>noster</span> <span class='ocrx_word' id='word_1_208' title='bbox 1171 2367 1288 2424; x_wconf 87' lang='lat' dir='ltr'>asserit.</span> <span class='ocrx_word' id='word_1_209' title='bbox 1331 2383 1381 2420; x_wconf 86' lang='lat' dir='ltr'>ce-</span> 
     </span>
     <span class='ocr_line' id='line_1_25' title="bbox 284 2447 1380 2529; baseline -0.001 -22"><span class='ocrx_word' id='word_1_210' title='bbox 284 2452 342 2508; x_wconf 89' lang='lat' dir='ltr'>teri</span> <span class='ocrx_word' id='word_1_211' title='bbox 372 2447 590 2528; x_wconf 87' lang='lat' dir='ltr'>propemodum</span> <span class='ocrx_word' id='word_1_212' title='bbox 620 2469 724 2510; x_wconf 86' lang='lat' dir='ltr'>omnes</span> <span class='ocrx_word' id='word_1_213' title='bbox 751 2449 930 2510; x_wconf 66' lang='lat' dir='ltr'>eremium</span> <span class='ocrx_word' id='word_1_214' title='bbox 956 2452 1124 2510; x_wconf 88' lang='lat' dir='ltr'>nominant.</span> <span class='ocrx_word' id='word_1_215' title='bbox 1178 2447 1380 2529; x_wconf 84' lang='lat' dir='ltr'>Theophanes</span> 
     </span>
     <span class='ocr_line' id='line_1_26' title="bbox 284 2531 1381 2616; baseline 0.013 -25"><span class='ocrx_word' id='word_1_216' title='bbox 284 2534 370 2592; x_wconf 86' lang='lat' dir='ltr'>litem</span> <span class='ocrx_word' id='word_1_217' title='bbox 386 2531 464 2591; x_wconf 86' lang='lat' dir='ltr'>hano</span> <span class='ocrx_word' id='word_1_218' title='bbox 477 2537 630 2613; x_wconf 88' lang='lat' dir='ltr'>aptissime</span> <span class='ocrx_word' id='word_1_219' title='bbox 645 2538 797 2616; x_wconf 86' lang='lat' dir='ltr'>componit</span> <span class='ocrx_word' id='word_1_220' title='bbox 808 2533 856 2595; x_wconf 89' lang='lat' dir='ltr'>his</span> <span class='ocrx_word' id='word_1_221' title='bbox 870 2536 986 2595; x_wconf 78' lang='lat' dir='ltr'>verbis:</span> <span class='ocrx_word' id='word_1_222' title='bbox 1004 2531 1150 2598; x_wconf 76' lang='grc' dir='ltr'><strong><em>είσείθοίν</em></strong></span> <span class='ocrx_word' id='word_1_223' title='bbox 1164 2533 1199 2597; x_wconf 80' lang='lat' dir='ltr'>dl</span> <span class='ocrx_word' id='word_1_224' title='bbox 1213 2533 1233 2599; x_wconf 84' lang='lat' dir='ltr'>o‘</span> <span class='ocrx_word' id='word_1_225' title='bbox 1244 2531 1381 2616; x_wconf 62' lang='lat' dir='ltr'>monde</span> 
     </span>
     <span class='ocr_line' id='line_1_27' title="bbox 286 2614 1379 2703; baseline -0.001 -23"><span class='ocrx_word' id='word_1_226' title='bbox 286 2614 319 2680; x_wconf 80' lang='grc' dir='ltr'>ίυ</span> <span class='ocrx_word' id='word_1_227' title='bbox 330 2615 554 2698; x_wconf 75' lang='grc' dir='ltr'><strong><em>Ἰεροσολύμοις,</em></strong></span> <span class='ocrx_word' id='word_1_228' title='bbox 572 2618 625 2680; x_wconf 83' lang='grc' dir='ltr'><strong><em>καί</em></strong></span> <span class='ocrx_word' id='word_1_229' title='bbox 638 2625 693 2682; x_wconf 78' lang='grc' dir='ltr'><strong><em>τοῦ</em></strong></span> <span class='ocrx_word' id='word_1_230' title='bbox 705 2615 889 2703; x_wconf 74' lang='grc' dir='ltr'><strong><em>πατριάρχου</em></strong></span> <span class='ocrx_word' id='word_1_231' title='bbox 903 2622 1055 2701; x_wconf 74' lang='grc' dir='ltr'><strong><em>Ζαχαρίου</em></strong></span> <span class='ocrx_word' id='word_1_232' title='bbox 1065 2615 1294 2701; x_wconf 70' lang='grc' dir='ltr'><strong><em>τελευτήσαντος</em></strong></span> <span class='ocrx_word' id='word_1_233' title='bbox 1306 2614 1379 2696; x_wconf 67' lang='lat' dir='ltr'>pessi</span> 
     </span>
     <span class='ocr_line' id='line_1_28' title="bbox 284 2697 1379 2790; baseline -0.001 -27"><span class='ocrx_word' id='word_1_234' title='bbox 284 2697 318 2764; x_wconf 83' lang='lat' dir='ltr'>sd</span> <span class='ocrx_word' id='word_1_235' title='bbox 337 2700 438 2764; x_wconf 80' lang='grc' dir='ltr'><strong><em>ίίθεῑν</em></strong></span> <span class='ocrx_word' id='word_1_236' title='bbox 459 2697 552 2766; x_wconf 67' lang='lat' dir='ltr'>critob</span> <span class='ocrx_word' id='word_1_237' title='bbox 573 2703 606 2766; x_wconf 82' lang='grc' dir='ltr'>ίυ</span> <span class='ocrx_word' id='word_1_238' title='bbox 627 2707 814 2790; x_wconf 78' lang='grc' dir='ltr'><strong><em>Παίαιστίνρ</em></strong></span> <span class='ocrx_word' id='word_1_239' title='bbox 836 2700 896 2769; x_wconf 77' lang='lat' dir='ltr'>sissi</span> <span class='ocrx_word' id='word_1_240' title='bbox 919 2707 1137 2787; x_wconf 77' lang='grc' dir='ltr'><strong><em>αίχριαίοτσίας,</em></strong></span> <span class='ocrx_word' id='word_1_241' title='bbox 1170 2710 1228 2768; x_wconf 81' lang='grc' dir='ltr'><strong><em>τοῦ</em></strong></span> <span class='ocrx_word' id='word_1_242' title='bbox 1245 2703 1277 2767; x_wconf 80' lang='lat' dir='ltr'>di</span> <span class='ocrx_word' id='word_1_243' title='bbox 1289 2701 1379 2785; x_wconf 76' lang='grc' dir='ltr'><strong><em>ἆγίου</em></strong></span> 
     </span>
     <span class='ocr_line' id='line_1_29' title="bbox 286 2780 1383 2872; baseline 0.001 -24"><span class='ocrx_word' id='word_1_244' title='bbox 286 2785 448 2849; x_wconf 75' lang='grc' dir='ltr'><strong><em>Μοίίστου</em></strong></span> <span class='ocrx_word' id='word_1_245' title='bbox 465 2786 517 2850; x_wconf 82' lang='grc' dir='ltr'><strong><em>ταί</em></strong></span> <span class='ocrx_word' id='word_1_246' title='bbox 539 2780 769 2872; x_wconf 76' lang='grc' dir='ltr'><strong><em>ἆρχιμαυίρίτου</em></strong></span> <span class='ocrx_word' id='word_1_247' title='bbox 788 2795 843 2870; x_wconf 78' lang='grc' dir='ltr'>τῆς</span> <span class='ocrx_word' id='word_1_248' title='bbox 860 2794 957 2871; x_wconf 77' lang='grc' dir='ltr'><strong><em>μονῆς</em></strong></span> <span class='ocrx_word' id='word_1_249' title='bbox 970 2795 1027 2854; x_wconf 79' lang='grc' dir='ltr'><strong><em>τοῦ</em></strong></span> <span class='ocrx_word' id='word_1_250' title='bbox 1040 2788 1131 2871; x_wconf 65' lang='lat' dir='ltr'>drino</span> <span class='ocrx_word' id='word_1_251' title='bbox 1148 2790 1312 2853; x_wconf 78' lang='grc' dir='ltr'><strong><em>Θεοδοσίου</em></strong></span> <span class='ocrx_word' id='word_1_252' title='bbox 1327 2791 1383 2850; x_wconf 76' lang='grc' dir='ltr'><strong><em>τοῦ</em></strong></span> 
     </span>
     <span class='ocr_line' id='line_1_30' title="bbox 284 2868 1385 2980; baseline -0.001 -45"><span class='ocrx_word' id='word_1_253' title='bbox 284 2873 443 2946; x_wconf 70' lang='grc' dir='ltr'><strong><em>κτίσαντος</em></strong></span> <span class='ocrx_word' id='word_1_254' title='bbox 463 2869 519 2976; x_wconf 57' lang='lat' dir='ltr'>triv</span> <span class='ocrx_word' id='word_1_255' title='bbox 533 2872 628 2980; x_wconf 65' lang='lat' dir='ltr'>pipino</span> <span class='ocrx_word' id='word_1_256' title='bbox 648 2868 846 2938; x_wconf 86' lang='grc' dir='ltr'><strong><em>Ἀναστασίαν</em></strong></span> <span class='ocrx_word' id='word_1_257' title='bbox 863 2874 916 2936; x_wconf 80' lang='grc' dir='ltr'><strong><em>καί</em></strong></span> <span class='ocrx_word' id='word_1_258' title='bbox 936 2871 993 2954; x_wconf 66' lang='grc' dir='ltr'>τήν</span> <span class='ocrx_word' id='word_1_259' title='bbox 1007 2875 1097 2954; x_wconf 67' lang='lat' dir='ltr'>sirius</span> <span class='ocrx_word' id='word_1_260' title='bbox 1113 2873 1257 2953; x_wconf 69' lang='grc' dir='ltr'><strong><em>Βηθίεὲμ</em></strong></span> <span class='ocrx_word' id='word_1_261' title='bbox 1274 2871 1316 2947; x_wconf 72' lang='grc' dir='ltr'>ὥς</span> <span class='ocrx_word' id='word_1_262' title='bbox 1331 2872 1385 2953; x_wconf 73' lang='grc' dir='ltr'>ἔρ·</span> 
     </span>
    </p>
   </div>
   <div class='ocr_carea' id='block_1_3' title="bbox 285 2949 1479 3060">
    <p class='ocr_par' dir='ltr' id='par_1_5' title="bbox 285 2949 1479 3060">
     <span class='ocr_line' id='line_1_31' title="bbox 285 2949 1479 3060; baseline -0.001 -41"><span class='ocrx_word' id='word_1_263' title='bbox 285 2956 462 3060; x_wconf 45' lang='lat' dir='ltr'>expendium</span> <span class='ocrx_word' id='word_1_264' title='bbox 479 2981 541 3021; x_wconf 84' lang='grc' dir='ltr'><strong><em>αιτο</em></strong></span> <span class='ocrx_word' id='word_1_265' title='bbox 558 2963 618 3020; x_wconf 71' lang='grc' dir='ltr'><strong><em>τοῖν</em></strong></span> <span class='ocrx_word' id='word_1_266' title='bbox 638 2963 782 3058; x_wconf 63' lang='lat' dir='ltr'>Iispaniis,</span> <span class='ocrx_word' id='word_1_267' title='bbox 807 2956 875 3021; x_wconf 79' lang='grc' dir='ltr'><strong><em>τότε</em></strong></span> <span class='ocrx_word' id='word_1_268' title='bbox 892 2949 949 3020; x_wconf 73' lang='grc' dir='ltr'>οὖν</span> <span class='ocrx_word' id='word_1_269' title='bbox 962 2964 1128 3038; x_wconf 79' lang='grc' dir='ltr'><strong><em>χειροτονεῖ</em></strong></span> <span class='ocrx_word' id='word_1_270' title='bbox 1142 2957 1159 3020; x_wconf 78' lang='grc' dir='ltr'><strong><em>ὅ</em></strong></span> <span class='ocrx_word' id='word_1_271' title='bbox 1174 2954 1316 3038; x_wconf 67' lang='grc' dir='ltr'><strong><em>βασιλευς</em></strong></span> <span class='ocrx_word' id='word_1_272' title='bbox 1330 2953 1385 3021; x_wconf 71' lang='grc' dir='ltr'>τίν</span> <span class='ocrx_word' id='word_1_273' title='bbox 1478 3020 1479 3037; x_wconf 58' lang='lat'>,</span> 
     </span>
    </p>
   </div>
   <div class='ocr_carea' id='block_1_4' title="bbox 287 3040 1478 3127">
    <p class='ocr_par' dir='ltr' id='par_1_6' title="bbox 287 3040 1478 3127">
     <span class='ocr_line' id='line_1_32' title="bbox 287 3040 1478 3127; baseline -0.003 -24"><span class='ocrx_word' id='word_1_274' title='bbox 287 3064 375 3123; x_wconf 78' lang='grc' dir='ltr'><strong><em>αγιον</em></strong></span> <span class='ocrx_word' id='word_1_275' title='bbox 390 3040 547 3106; x_wconf 80' lang='grc' dir='ltr'><strong><em>Μόδεστον</em></strong></span> <span class='ocrx_word' id='word_1_276' title='bbox 561 3065 755 3122; x_wconf 76' lang='grc' dir='ltr'><strong><em>πατριαρρηυ.</em></strong></span> <span class='ocrx_word' id='word_1_277' title='bbox 818 3061 876 3100; x_wconf 89' lang='lat' dir='ltr'>uae</span> <span class='ocrx_word' id='word_1_278' title='bbox 890 3044 991 3100; x_wconf 88' lang='lat' dir='ltr'>omnia</span> <span class='ocrx_word' id='word_1_279' title='bbox 1007 3044 1189 3102; x_wconf 81' lang='lat' dir='ltr'>aMiscellne</span> <span class='ocrx_word' id='word_1_280' title='bbox 1205 3052 1324 3101; x_wconf 83' lang='lat' dir='ltr'>auctore</span> <span class='ocrx_word' id='word_1_281' title='bbox 1345 3061 1385 3100; x_wconf 87' lang='lat' dir='ltr'>ae</span> <span class='ocrx_word' id='word_1_282' title='bbox 1477 3098 1478 3127; x_wconf 27' lang='grc' dir='ltr'><strong><em>ρ</em></strong></span> 
     </span>
    </p>
   </div>
   <div class='ocr_carea' id='block_1_5' title="bbox 284 3125 1384 4315">
    <p class='ocr_par' dir='ltr' id='par_1_7' title="bbox 284 3125 1384 4315">
     <span class='ocr_line' id='line_1_33' title="bbox 287 3125 1384 3207; baseline -0.001 -23"><span class='ocrx_word' id='word_1_283' title='bbox 287 3125 422 3185; x_wconf 78' lang='lat' dir='ltr'>cedreno</span> <span class='ocrx_word' id='word_1_284' title='bbox 438 3131 647 3206; x_wconf 83' lang='lat' dir='ltr'>praetermissa</span> <span class='ocrx_word' id='word_1_285' title='bbox 663 3127 702 3186; x_wconf 89' lang='lat' dir='ltr'>ad</span> <span class='ocrx_word' id='word_1_286' title='bbox 717 3126 796 3186; x_wconf 85' lang='lat' dir='ltr'>hanc</span> <span class='ocrx_word' id='word_1_287' title='bbox 831 3130 838 3144; x_wconf 91' lang='lat'>&#39;</span> <span class='ocrx_word' id='word_1_288' title='bbox 855 3129 963 3186; x_wconf 90' lang='lat' dir='ltr'>toriam</span> <span class='ocrx_word' id='word_1_289' title='bbox 974 3139 1193 3207; x_wconf 83' lang='lat' dir='ltr'>peropportuna</span> <span class='ocrx_word' id='word_1_290' title='bbox 1207 3138 1286 3186; x_wconf 90' lang='lat' dir='ltr'>sunt.</span> <span class='ocrx_word' id='word_1_291' title='bbox 1330 3137 1384 3184; x_wconf 93' lang='lat' dir='ltr'>at-</span> 
     </span>
     <span class='ocr_line' id='line_1_34' title="bbox 286 3209 1384 3292; baseline 0.002 -25"><span class='ocrx_word' id='word_1_292' title='bbox 286 3228 346 3289; x_wconf 90' lang='lat' dir='ltr'>que</span> <span class='ocrx_word' id='word_1_293' title='bbox 364 3213 419 3269; x_wconf 81' lang='lat' dir='ltr'>etsi</span> <span class='ocrx_word' id='word_1_294' title='bbox 436 3211 575 3271; x_wconf 84' lang='lat' dir='ltr'>nonnihil</span> <span class='ocrx_word' id='word_1_295' title='bbox 591 3215 694 3272; x_wconf 77' lang='lat' dir='ltr'>vitiata</span> <span class='ocrx_word' id='word_1_296' title='bbox 711 3215 786 3289; x_wconf 89' lang='lat' dir='ltr'>sint,</span> <span class='ocrx_word' id='word_1_297' title='bbox 814 3211 873 3273; x_wconf 90' lang='lat' dir='ltr'>hoo</span> <span class='ocrx_word' id='word_1_298' title='bbox 888 3223 990 3270; x_wconf 88' lang='lat' dir='ltr'>tamen</span> <span class='ocrx_word' id='word_1_299' title='bbox 1002 3213 1182 3292; x_wconf 83' lang='lat' dir='ltr'>significant,</span> <span class='ocrx_word' id='word_1_300' title='bbox 1198 3209 1384 3270; x_wconf 83' lang='lat' dir='ltr'>Zachariam</span> 
     </span>
     <span class='ocr_line' id='line_1_35' title="bbox 286 3295 1382 3378; baseline 0.003 -27"><span class='ocrx_word' id='word_1_301' title='bbox 286 3295 465 3376; x_wconf 87' lang='lat' dir='ltr'>paulopost</span> <span class='ocrx_word' id='word_1_302' title='bbox 488 3297 617 3356; x_wconf 88' lang='lat' dir='ltr'>reditum</span> <span class='ocrx_word' id='word_1_303' title='bbox 642 3319 658 3356; x_wconf 87' lang='lat' dir='ltr'>e</span> <span class='ocrx_word' id='word_1_304' title='bbox 678 3297 801 3357; x_wconf 87' lang='lat' dir='ltr'>Perside</span> <span class='ocrx_word' id='word_1_305' title='bbox 823 3300 856 3356; x_wconf 93' lang='lat' dir='ltr'>iu</span> <span class='ocrx_word' id='word_1_306' title='bbox 873 3297 1043 3357; x_wconf 81' lang='lat' dir='ltr'>Palaestina</span> <span class='ocrx_word' id='word_1_307' title='bbox 1066 3296 1254 3372; x_wconf 78' lang='lat' dir='ltr'>defunctum,</span> <span class='ocrx_word' id='word_1_308' title='bbox 1291 3300 1382 3378; x_wconf 86' lang='lat' dir='ltr'>eique</span> 
     </span>
     <span class='ocr_line' id='line_1_36' title="bbox 286 3379 1380 3463; baseline 0.002 -25"><span class='ocrx_word' id='word_1_309' title='bbox 286 3379 480 3458; x_wconf 86' lang='lat' dir='ltr'>subrogatum</span> <span class='ocrx_word' id='word_1_310' title='bbox 490 3380 660 3440; x_wconf 86' lang='lat' dir='ltr'>Modestum</span> <span class='ocrx_word' id='word_1_311' title='bbox 674 3381 947 3441; x_wconf 80' lang='lat' dir='ltr'>archimandritam.</span> <span class='ocrx_word' id='word_1_312' title='bbox 989 3381 1175 3463; x_wconf 88' lang='lat' dir='ltr'>Nicephorus</span> <span class='ocrx_word' id='word_1_313' title='bbox 1187 3384 1219 3440; x_wconf 89' lang='lat' dir='ltr'>in</span> <span class='ocrx_word' id='word_1_314' title='bbox 1231 3380 1380 3441; x_wconf 78' lang='lat' dir='ltr'>Chronico</span> 
     </span>
     <span class='ocr_line' id='line_1_37' title="bbox 285 3462 1381 3541; baseline 0.001 -18"><span class='ocrx_word' id='word_1_315' title='bbox 285 3462 449 3524; x_wconf 80' lang='lat' dir='ltr'>Zachariae</span> <span class='ocrx_word' id='word_1_316' title='bbox 461 3467 565 3524; x_wconf 85' lang='lat' dir='ltr'>tribuit</span> <span class='ocrx_word' id='word_1_317' title='bbox 581 3485 674 3526; x_wconf 82' lang='lat' dir='ltr'>annos</span> <span class='ocrx_word' id='word_1_318' title='bbox 690 3479 759 3526; x_wconf 88' lang='lat' dir='ltr'>aute</span> <span class='ocrx_word' id='word_1_319' title='bbox 774 3468 855 3527; x_wconf 91' lang='lat' dir='ltr'>urbis</span> <span class='ocrx_word' id='word_1_320' title='bbox 872 3462 984 3530; x_wconf 73' lang='lat' dir='ltr'>iilum</span> <span class='ocrx_word' id='word_1_321' title='bbox 999 3471 1058 3541; x_wconf 90' lang='lat'>22,</span> <span class='ocrx_word' id='word_1_322' title='bbox 1080 3467 1217 3528; x_wconf 88' lang='lat' dir='ltr'>Modesto</span> <span class='ocrx_word' id='word_1_323' title='bbox 1236 3487 1308 3526; x_wconf 86' lang='lat' dir='ltr'>vero</span> <span class='ocrx_word' id='word_1_324' title='bbox 1325 3487 1381 3524; x_wconf 85' lang='lat' dir='ltr'>an-</span> 
     </span>
     <span class='ocr_line' id='line_1_38' title="bbox 285 3548 1379 3631; baseline 0.005 -23"><span class='ocrx_word' id='word_1_325' title='bbox 285 3569 361 3610; x_wconf 90' lang='lat' dir='ltr'>num</span> <span class='ocrx_word' id='word_1_326' title='bbox 377 3550 413 3626; x_wconf 88' lang='lat'>1,</span> <span class='ocrx_word' id='word_1_327' title='bbox 436 3548 639 3631; x_wconf 88' lang='lat' dir='ltr'>Theophanes</span> <span class='ocrx_word' id='word_1_328' title='bbox 655 3551 820 3612; x_wconf 80' lang='lat' dir='ltr'>Zachariae</span> <span class='ocrx_word' id='word_1_329' title='bbox 835 3571 929 3612; x_wconf 88' lang='lat' dir='ltr'>anuos</span> <span class='ocrx_word' id='word_1_330' title='bbox 942 3555 975 3610; x_wconf 92' lang='lat' dir='ltr'>iu</span> <span class='ocrx_word' id='word_1_331' title='bbox 989 3561 1088 3611; x_wconf 88' lang='lat' dir='ltr'>totum</span> <span class='ocrx_word' id='word_1_332' title='bbox 1101 3557 1161 3627; x_wconf 86' lang='lat'>22,</span> <span class='ocrx_word' id='word_1_333' title='bbox 1192 3552 1329 3614; x_wconf 88' lang='lat' dir='ltr'>Modesto</span> <span class='ocrx_word' id='word_1_334' title='bbox 1343 3555 1379 3626; x_wconf 78' lang='lat'>23</span> 
     </span>
     <span class='ocr_line' id='line_1_39' title="bbox 285 3633 1381 3716; baseline 0.001 -23"><span class='ocrx_word' id='word_1_335' title='bbox 285 3633 427 3716; x_wconf 87' lang='lat' dir='ltr'>idemque</span> <span class='ocrx_word' id='word_1_336' title='bbox 450 3635 578 3696; x_wconf 90' lang='lat' dir='ltr'>Modesti</span> <span class='ocrx_word' id='word_1_337' title='bbox 599 3639 720 3696; x_wconf 89' lang='lat' dir='ltr'>initium</span> <span class='ocrx_word' id='word_1_338' title='bbox 745 3639 861 3699; x_wconf 79' lang='lat' dir='ltr'>confert</span> <span class='ocrx_word' id='word_1_339' title='bbox 880 3639 914 3695; x_wconf 92' lang='lat' dir='ltr'>iu</span> <span class='ocrx_word' id='word_1_340' title='bbox 934 3657 1049 3695; x_wconf 78' lang='lat' dir='ltr'>mnam</span> <span class='ocrx_word' id='word_1_341' title='bbox 1067 3639 1200 3696; x_wconf 89' lang='lat' dir='ltr'>Heraclii</span> <span class='ocrx_word' id='word_1_342' title='bbox 1221 3639 1282 3711; x_wconf 87' lang='lat'>22,</span> <span class='ocrx_word' id='word_1_343' title='bbox 1312 3657 1381 3694; x_wconf 86' lang='lat' dir='ltr'>oum</span> 
     </span>
     <span class='ocr_line' id='line_1_40' title="bbox 286 3719 1380 3786; baseline 0.004 -8"><span class='ocrx_word' id='word_1_344' title='bbox 286 3731 387 3779; x_wconf 85' lang='lat' dir='ltr'>tamen</span> <span class='ocrx_word' id='word_1_345' title='bbox 404 3719 520 3781; x_wconf 90' lang='lat' dir='ltr'>deeius</span> <span class='ocrx_word' id='word_1_346' title='bbox 537 3724 684 3782; x_wconf 85' lang='lat' dir='ltr'>creatione</span> <span class='ocrx_word' id='word_1_347' title='bbox 700 3743 727 3782; x_wconf 81' lang='lat' dir='ltr'>a·</span> <span class='ocrx_word' id='word_1_348' title='bbox 747 3725 786 3786; x_wconf 84' lang='grc'>19</span> <span class='ocrx_word' id='word_1_349' title='bbox 801 3725 986 3782; x_wconf 85' lang='lat' dir='ltr'>mentionem</span> <span class='ocrx_word' id='word_1_350' title='bbox 998 3723 1112 3780; x_wconf 85' lang='lat' dir='ltr'>fecerit.</span> <span class='ocrx_word' id='word_1_351' title='bbox 1139 3721 1380 3782; x_wconf 81' lang='lat' dir='ltr'>Alexandrinum</span> 
     </span>
     <span class='ocr_line' id='line_1_41' title="bbox 284 3803 1379 3886; baseline 0.001 -23"><span class='ocrx_word' id='word_1_352' title='bbox 284 3803 454 3864; x_wconf 79' lang='lat' dir='ltr'>llbronicou</span> <span class='ocrx_word' id='word_1_353' title='bbox 474 3827 502 3865; x_wconf 86' lang='lat' dir='ltr'>a.</span> <span class='ocrx_word' id='word_1_354' title='bbox 523 3803 643 3867; x_wconf 81' lang='lat' dir='ltr'>Phocus</span> <span class='ocrx_word' id='word_1_355' title='bbox 659 3813 696 3884; x_wconf 82' lang='lat'>7,</span> <span class='ocrx_word' id='word_1_356' title='bbox 725 3806 833 3868; x_wconf 87' lang='lat' dir='ltr'>indict.</span> <span class='ocrx_word' id='word_1_357' title='bbox 857 3810 896 3871; x_wconf 86' lang='grc'>12</span> <span class='ocrx_word' id='word_1_358' title='bbox 912 3809 1006 3866; x_wconf 85' lang='lat' dir='ltr'>lsacio</span> <span class='ocrx_word' id='word_1_359' title='bbox 1020 3809 1300 3886; x_wconf 86' lang='lat' dir='ltr'>Hierosolymorum</span> <span class='ocrx_word' id='word_1_360' title='bbox 1314 3810 1379 3886; x_wconf 89' lang='lat' dir='ltr'>epi-</span> 
     </span>
     <span class='ocr_line' id='line_1_42' title="bbox 284 3891 1380 3971; baseline 0 -21"><span class='ocrx_word' id='word_1_361' title='bbox 284 3909 375 3971; x_wconf 79' lang='lat' dir='ltr'>seopo</span> <span class='ocrx_word' id='word_1_362' title='bbox 389 3902 505 3951; x_wconf 89' lang='lat' dir='ltr'>mortuo</span> <span class='ocrx_word' id='word_1_363' title='bbox 521 3891 680 3950; x_wconf 83' lang='lat' dir='ltr'>suffectum</span> <span class='ocrx_word' id='word_1_364' title='bbox 694 3913 759 3952; x_wconf 89' lang='lat' dir='ltr'>esse</span> <span class='ocrx_word' id='word_1_365' title='bbox 770 3891 947 3952; x_wconf 83' lang='lat' dir='ltr'>Zachariam</span> <span class='ocrx_word' id='word_1_366' title='bbox 961 3894 1071 3966; x_wconf 86' lang='lat' dir='ltr'>scribit,</span> <span class='ocrx_word' id='word_1_367' title='bbox 1094 3893 1270 3971; x_wconf 77' lang='lat' dir='ltr'>cpolitanae</span> <span class='ocrx_word' id='word_1_368' title='bbox 1283 3895 1380 3952; x_wconf 86' lang='lat' dir='ltr'>eecle-</span> 
     </span>
     <span class='ocr_line' id='line_1_43' title="bbox 285 3974 1378 4057; baseline 0.007 -23"><span class='ocrx_word' id='word_1_369' title='bbox 285 3976 348 4034; x_wconf 84' lang='lat' dir='ltr'>siae</span> <span class='ocrx_word' id='word_1_370' title='bbox 370 3977 578 4057; x_wconf 84' lang='lat' dir='ltr'>presbytemm</span> <span class='ocrx_word' id='word_1_371' title='bbox 602 3989 631 4036; x_wconf 92' lang='lat' dir='ltr'>et</span> <span class='ocrx_word' id='word_1_372' title='bbox 650 3997 792 4038; x_wconf 86' lang='lat' dir='ltr'>vasorum</span> <span class='ocrx_word' id='word_1_373' title='bbox 817 3977 983 4037; x_wconf 86' lang='lat' dir='ltr'>custodem.</span> <span class='ocrx_word' id='word_1_374' title='bbox 1026 3987 1072 4036; x_wconf 90' lang='lat' dir='ltr'>est</span> <span class='ocrx_word' id='word_1_375' title='bbox 1086 3974 1138 4035; x_wconf 89' lang='lat' dir='ltr'>bio</span> <span class='ocrx_word' id='word_1_376' title='bbox 1160 3996 1188 4035; x_wconf 89' lang='lat' dir='ltr'>a.</span> <span class='ocrx_word' id='word_1_377' title='bbox 1210 3980 1245 4036; x_wconf 82' lang='lat'>0.</span> <span class='ocrx_word' id='word_1_378' title='bbox 1261 3979 1378 4051; x_wconf 76' lang='lat' dir='ltr'>609,a</span> 
     </span>
     <span class='ocr_line' id='line_1_44' title="bbox 286 4059 1378 4145; baseline 0.002 -28"><span class='ocrx_word' id='word_1_379' title='bbox 286 4059 397 4139; x_wconf 89' lang='lat' dir='ltr'>quoad</span> <span class='ocrx_word' id='word_1_380' title='bbox 412 4081 440 4118; x_wconf 87' lang='lat' dir='ltr'>a.</span> <span class='ocrx_word' id='word_1_381' title='bbox 452 4066 514 4126; x_wconf 82' lang='grc'>630</span> <span class='ocrx_word' id='word_1_382' title='bbox 527 4064 597 4120; x_wconf 83' lang='lat' dir='ltr'>anni</span> <span class='ocrx_word' id='word_1_383' title='bbox 607 4073 677 4122; x_wconf 82' lang='lat' dir='ltr'>sunt</span> <span class='ocrx_word' id='word_1_384' title='bbox 691 4067 748 4137; x_wconf 78' lang='lat'>223</span> <span class='ocrx_word' id='word_1_385' title='bbox 764 4083 826 4144; x_wconf 90' lang='lat' dir='ltr'>quo</span> <span class='ocrx_word' id='word_1_386' title='bbox 843 4082 938 4122; x_wconf 88' lang='lat' dir='ltr'>sunus</span> <span class='ocrx_word' id='word_1_387' title='bbox 953 4063 1084 4120; x_wconf 85' lang='lat' dir='ltr'>Heraclii</span> <span class='ocrx_word' id='word_1_388' title='bbox 1098 4065 1198 4142; x_wconf 88' lang='lat' dir='ltr'>coepit</span> <span class='ocrx_word' id='word_1_389' title='bbox 1212 4065 1267 4125; x_wconf 82' lang='lat'>22·</span> <span class='ocrx_word' id='word_1_390' title='bbox 1291 4083 1378 4145; x_wconf 85' lang='lat' dir='ltr'>quare</span> 
     </span>
     <span class='ocr_line' id='line_1_45' title="bbox 286 4141 1378 4228; baseline 0.004 -28"><span class='ocrx_word' id='word_1_391' title='bbox 286 4141 461 4220; x_wconf 84' lang='lat' dir='ltr'>Zacharias,</span> <span class='ocrx_word' id='word_1_392' title='bbox 488 4158 648 4228; x_wconf 79' lang='lat' dir='ltr'>postquam</span> <span class='ocrx_word' id='word_1_393' title='bbox 662 4150 694 4206; x_wconf 91' lang='lat' dir='ltr'>iu</span> <span class='ocrx_word' id='word_1_394' title='bbox 709 4147 813 4208; x_wconf 89' lang='lat' dir='ltr'>sedem</span> <span class='ocrx_word' id='word_1_395' title='bbox 828 4151 980 4207; x_wconf 83' lang='lat' dir='ltr'>restitutus</span> <span class='ocrx_word' id='word_1_396' title='bbox 998 4159 1058 4223; x_wconf 90' lang='lat' dir='ltr'>est,</span> <span class='ocrx_word' id='word_1_397' title='bbox 1081 4167 1177 4207; x_wconf 86' lang='lat' dir='ltr'>annos</span> <span class='ocrx_word' id='word_1_398' title='bbox 1194 4147 1280 4210; x_wconf 66' lang='lat' dir='ltr'>ivel</span> <span class='ocrx_word' id='word_1_399' title='bbox 1294 4153 1315 4212; x_wconf 79' lang='lat'><strong>5</strong></span> <span class='ocrx_word' id='word_1_400' title='bbox 1327 4166 1378 4205; x_wconf 92' lang='lat' dir='ltr'>su-</span> 
     </span>
     <span class='ocr_line' id='line_1_46' title="bbox 285 4229 1245 4315; baseline 0.006 -30"><span class='ocrx_word' id='word_1_401' title='bbox 285 4239 398 4304; x_wconf 87' lang='lat' dir='ltr'>perstes</span> <span class='ocrx_word' id='word_1_402' title='bbox 411 4231 485 4306; x_wconf 80' lang='lat' dir='ltr'>iuit3</span> <span class='ocrx_word' id='word_1_403' title='bbox 508 4232 676 4314; x_wconf 84' lang='lat' dir='ltr'>falsumque</span> <span class='ocrx_word' id='word_1_404' title='bbox 690 4237 812 4296; x_wconf 89' lang='lat' dir='ltr'>omnino</span> <span class='ocrx_word' id='word_1_405' title='bbox 827 4229 873 4294; x_wconf 83' lang='lat' dir='ltr'>e&#39;st</span> <span class='ocrx_word' id='word_1_406' title='bbox 886 4231 1048 4315; x_wconf 88' lang='lat' dir='ltr'>Nicephori</span> <span class='ocrx_word' id='word_1_407' title='bbox 1060 4231 1245 4293; x_wconf 81' lang='lat' dir='ltr'>Chronioon.</span> 
     </span>
    </p>
   </div>
   <div class='ocr_carea' id='block_1_6' title="bbox 370 4311 1379 4400">
    <p class='ocr_par' dir='ltr' id='par_1_8' title="bbox 370 4311 1379 4400">
     <span class='ocr_line' id='line_1_47' title="bbox 370 4311 1379 4400; baseline 0.009 -31"><span class='ocrx_word' id='word_1_408' title='bbox 370 4311 412 4371; x_wconf 83' lang='lat' dir='ltr'>ib.</span> <span class='ocrx_word' id='word_1_409' title='bbox 427 4334 457 4374; x_wconf 81' lang='lat' dir='ltr'>v.</span> <span class='ocrx_word' id='word_1_410' title='bbox 478 4313 526 4378; x_wconf 79' lang='lat'>15·</span> <span class='ocrx_word' id='word_1_411' title='bbox 565 4317 758 4400; x_wconf 73' lang='grc' dir='ltr'><strong><em>τίψαθίντοον</em></strong></span> <span class='ocrx_word' id='word_1_412' title='bbox 772 4317 805 4385; x_wconf 77' lang='grc' dir='ltr'>δὲ</span> <span class='ocrx_word' id='word_1_413' title='bbox 822 4315 937 4400; x_wconf 66' lang='lat' dir='ltr'>uitur]</span> <span class='ocrx_word' id='word_1_414' title='bbox 959 4317 1143 4400; x_wconf 83' lang='lat' dir='ltr'>significate</span> <span class='ocrx_word' id='word_1_415' title='bbox 1159 4321 1288 4400; x_wconf 75' lang='lat' dir='ltr'>vestigio</span> <span class='ocrx_word' id='word_1_416' title='bbox 1299 4319 1379 4398; x_wconf 81' lang='lat' dir='ltr'>(lpo-</span> 
     </span>
    </p>
   </div>
   <div class='ocr_carea' id='block_1_7' title="bbox 0 0 1514 4817">
    <p class='ocr_par' dir='ltr' id='par_1_9' title="bbox 0 0 1514 4817">
     <span class='ocr_line' id='line_1_48' title="bbox 0 0 1514 4817; baseline 0 1"><span class='ocrx_word' id='word_1_417' title='bbox 0 0 1514 4817; x_wconf 95' lang='lat' dir='ltr'> </span> 
     </span>
    </p>
   </div>
  </div>
 </body>
</html>
