3017 4817
579 273 787 341 scaotsnt
811 273 854 341 ll.
1194 271 1264 344 161

255 439 326 505 157.
369 440 471 499 forsan
495 456 550 518 pro
574 432 644 503 isos
667 436 832 519 legendum
851 430 943 501 orire·
985 438 1127 499 orationis
1146 438 1210 497 rim
1231 440 1264 497 irs

167 525 306 583 Heraclio
326 522 366 583 ad
382 526 562 583 miraculum
578 544 675 606 usque
695 526 814 585 extollit
832 521 936 583 Pisida
958 522 996 581 de
1012 524 1130 600 Exped-
1149 526 1170 587 2
1193 528 1266 587 170.

167 606 217 667 hic
239 620 342 669 autem
363 628 475 687 magno
499 610 578 669 saltu
594 629 612 669 a
628 611 761 669 militum
778 608 913 684 delectu,
935 627 1027 689 quem
1042 608 1198 667 Heraclius
1213 609 1264 665 iu-

167 695 262 753 stituit
284 696 317 753 in
338 698 436 773 prima
460 692 669 774 expeditione,
701 694 740 755 ad
766 715 802 755 ea
827 714 905 775 quae
931 693 1015 752 idem
1035 696 1199 773 imperator
1220 694 1263 752 cis

167 788 307 860 transque
320 777 506 858 Euphratem
519 783 612 858 gessit
624 784 657 838 in
671 778 803 841 secunda
815 781 923 839 leviter
933 778 1108 857 attingenda
1121 780 1261 837 excurrit.

166 862 204 921 de
217 866 345 925 tranum
358 862 536 944 Euphratis,
558 864 656 947 deque
670 868 708 925 iis
726 885 804 947 quae
817 868 995 946 insequente
1010 867 1171 923 Persarum
1186 860 1262 922 duce

165 949 294 1009 Sar-baro
310 960 375 1007 acta
389 962 475 1025 sunt,
496 951 564 1009 fuse
576 948 781 1031 Theophanes
792 973 829 1029 p·
845 954 920 1015 262.

251 1036 324 1097 160.
366 1035 491 1094 obscura
511 1037 600 1115 plene
616 1047 686 1098 sunt
699 1056 777 1117 quae
793 1039 827 1093 in
841 1037 973 1116 quinque
985 1034 1178 1115 sequentibus
1190 1054 1260 1093 ver-

164 1118 248 1178 sibus
262 1119 460 1178 continentur.
498 1121 601 1181 forsan
614 1133 666 1182 aut
679 1119 827 1180 mendum
841 1131 893 1180 eut
903 1118 1004 1179 hiatus
1017 1121 1106 1179 cubat
1116 1121 1149 1177 in
1161 1128 1260 1177 textu.

163 1222 271 1263 vocem
290 1198 347 1283 τὴν
367 1200 529 1285 ὀραστικήν
543 1205 583 1265 ad
599 1211 761 1285 συμφορᾶς
780 1224 846 1265 esse
860 1204 1049 1264 referendam
1059 1225 1121 1263 non
1138 1202 1259 1262 dubito:

163 1290 227 1346 seio
242 1290 324 1347 enim
337 1306 427 1368 saepe
441 1284 601 1369 δραστικός
616 1310 686 1349 cum
701 1292 834 1369 genitivo
848 1293 1006 1367 coniungi,
1029 1300 1060 1349 et
1073 1286 1129 1369 τήν
1140 1291 1261 1369 doacu-

161 1368 223 1448 κῆν
239 1376 399 1453 συμφορᾶς
416 1371 499 1433 idem
511 1393 576 1433 esse
592 1395 627 1435 ac
643 1370 700 1455 τήν
714 1370 877 1455 decertetis
890 1368 1023 1453 δύναμιν
1034 1376 1088 1453 τῆς
1100 1376 1261 1456 συμφορᾶς

162 1456 212 1515 tel
235 1452 293 1533 τήν
311 1453 474 1538 δραστικὴν
498 1454 669 1540 συμφοράν.
713 1458 769 1519 sed
784 1458 859 1540 quid
878 1469 981 1517 tamen
1002 1459 1150 1536 significat
1168 1457 1213 1533 cic
1225 1458 1260 1521 dv

160 1542 300 1625 παρέργῳ
311 1548 471 1624 συμφορᾶς
482 1539 566 1607 τοῦδ’
578 1539 595 1607 ὅ
609 1545 701 1625 βίος)
722 1555 752 1603 et
764 1543 847 1625 quod
857 1542 917 1603 hoc
928 1547 968 1603 sit
979 1562 1075 1622 genus
1086 1554 1259 1622 syntaxeos,

161 1646 282 1705 prorsus
299 1646 350 1686 me
363 1628 447 1687 latet.
489 1632 561 1689 nori
575 1632 704 1691 Graecos
722 1631 811 1708 τῆςδε
827 1648 882 1709 pro
901 1632 957 1709 τῆς
972 1632 1031 1711 γῆς
1050 1638 1080 1686 et
1097 1630 1186 1690 rosida
1203 1644 1259 1707 pro

160 1716 218 1773 sesi
229 1708 347 1789 κόσμου
360 1732 472 1793 ponere
488 1714 665 1795 aliquando,
688 1734 722 1773 ac
735 1715 861 1773 fortasse
874 1732 929 1793 pro
940 1708 1029 1777 τοῦδ’
1043 1712 1063 1775 d
1072 1713 1140 1794 βίος
1151 1712 1260 1791 legen·

162 1794 235 1854 dum
258 1808 303 1855 est
324 1798 415 1859 τοῦδε
436 1800 515 1878 βίον.
559 1819 664 1859 verum
681 1798 757 1881 quid
771 1797 865 1859 iudei
887 1798 1013 1858 fortasse
1027 1799 1174 1857 moralem
1188 1817 1260 1857 sen-

155 1900 229 1940 sum
247 1884 345 1961 possis
365 1883 487 1959 elicere,
510 1895 657 1964 tanquam
679 1887 744 1944 νέω
765 1885 857 1943 tntu
873 1884 982 1942 mundi
992 1886 1037 1942 sie
1049 1883 1261 1941 calamitatium

160 1970 298 2025 cremato.
353 1966 407 2028 sed
428 1969 579 2048 quomodo
604 1967 679 2029 haec
696 1973 777 2028 inter
800 1989 832 2029 se
856 1967 1049 2044 cohaereant,
1078 1988 1140 2027 nou
1159 1966 1260 2027 video.

160 2053 250 2132 quale
271 2062 374 2118 autern
394 2064 440 2112 est
458 2055 671 2129 infortunium,
694 2073 773 2135 quae
793 2065 839 2113 est
856 2073 968 2133 magna
988 2055 1159 2127 calamitas,
1182 2072 1260 2133 qaae

159 2148 227 2215 post
237 2140 397 2197 transitum
408 2137 572 2217 Euphratis
587 2150 617 2197 et
628 2133 693 2218 μετ’
708 2139 806 2221 ἔργων
819 2135 963 2217 lundens
973 2137 1082 2196 accidit
1096 2135 1259 2197 Heracliol

153 2232 240 2281 certe
257 2219 479 2304 Theophanes,
507 2226 562 2305 qui
579 2221 654 2283 haee
669 2235 805 2285 accurate
822 2222 979 2297 describit,
1002 2224 1175 2281 Heraclium
1193 2224 1259 2281 llu-

157 2304 266 2385 phrate
277 2310 451 2367 transmisso
465 2306 505 2368 ad
520 2311 626 2369 Seram
638 2310 751 2369 flumen
767 2312 933 2369 constitisse
945 2310 1049 2389 ibique
1062 2309 1188 2367 viriliter
1200 2328 1260 2386 pu-

158 2410 267 2471 gnasse
289 2412 324 2451 ac
346 2396 477 2473 plurima
499 2396 624 2454 vulnera
646 2395 796 2473 accepisse
817 2405 937 2453 narrat:
969 2397 1012 2453 ait
1036 2395 1118 2453 enim
1139 2414 1175 2470 p.
1196 2395 1259 2457 263

157 2473 271 2551 πολλοῖς
285 2476 402 2561 πληγεὶς
416 2479 541 2560 ἐδέχετο.
585 2500 691 2541 vesum
713 2478 866 2539 ridemus
880 2477 960 2539 hanc
976 2499 1042 2540 esse
1057 2478 1259 2537 calamitatem

158 2561 197 2621 de
220 2582 280 2643 qua
292 2568 495 2645 conqueritur
513 2576 629 2643 noster,
652 2564 804 2647 quomodo
822 2584 901 2646 quae
918 2574 1085 2645 sequamur
1104 2584 1133 2622 v.
1150 2566 1209 2628 171
1227 2571 1257 2621 et

159 2650 221 2713 172
246 2648 487 2727 explicabimusi
533 2662 634 2731 aperte
654 2654 751 2727 enim,
778 2661 813 2709 ut
831 2648 911 2709 mihi
928 2648 1064 2724 videtur,
1096 2646 1134 2707 de
1154 2648 1257 2728 aliqua

157 2734 231 2791 urbe
251 2734 288 2793 ab
312 2736 450 2794 Heraclio
472 2756 593 2811 eversa,
615 2742 677 2796 nori
692 2735 729 2795 de
743 2736 918 2798 malueribus
934 2733 1035 2795 eidem
1048 2735 1186 2808 inflictis,
1209 2733 1254 2791 ibi

157 2836 255 2877 senno
269 2829 325 2879 est.
369 2830 515 2899 quantum
529 2823 621 2899 igitur
634 2822 776 2900 colligere
789 2840 929 2900 possam,
950 2818 1053 2879 Pisida
1067 2820 1199 2900 aliquam
1213 2836 1255 2877 ex

157 2904 218 2963 illis
236 2905 377 2984 Assyriae
401 2906 570 2964 civitatibus
593 2904 746 2985 designat,
766 2909 799 2963 in
823 2905 933 2985 quibas
957 2902 1126 2963 Christiana
1147 2904 1253 2980 religio

156 2988 309 3069 quondam
330 2990 470 3065 florebat,
500 3010 593 3071 quam
617 3010 686 3051 cum
706 2991 863 3050 Heraclius
883 3008 901 3047 a
922 2986 1072 3048 chosroae
1092 2984 1252 3067 tyrannide

156 3094 330 3154 oppressam
351 3086 382 3134 et
400 3077 605 3155 Mpietatibus
623 3077 811 3156 profanatam
829 3071 1091 3153 deprehendisset,
1112 3075 1178 3132 solo
1198 3091 1252 3131 ae-

155 3159 310 3239 quandam
331 3180 396 3221 esse
420 3163 533 3221 statuit.
577 3181 665 3241 porro
681 3160 762 3221 hanc
777 3162 979 3221 coniectorem
994 3161 1089 3219 secuti
1102 3159 1145 3217 ita
1158 3158 1253 3218 verti-

154 3264 234 3304 mus·
242 3266 329 3393 16216Ι
341 3246 908 3413 tpjegtmuptppipttffipsstppappgtpezqim
925 3350 996 3391 cum
1007 3330 1082 3391 urbe
1096 3330 1177 3389 Dara
1190 3348 1254 3389 non

156 3424 203 3473 est
223 3412 443 3475 conhrndenda.
485 3420 581 3479 Daras
600 3422 697 3496 euim,
727 3437 803 3500 quae
824 3420 971 3498 Procopio
989 3428 1080 3492 teste,
1102 3418 1139 3475 de
1163 3414 1253 3473 Bello

156 3500 242 3557 Pera.
263 3502 318 3573 10,
341 3497 469 3560 distabat
478 3505 575 3563 Nisibi
589 3502 693 3564 stadiis
708 3508 769 3569 100
780 3505 882 3563 minus
898 3500 1032 3576 duabsu,
1055 3501 1182 3559 alimite
1196 3519 1254 3557 au-

156 3594 219 3643 tem
232 3586 388 3666 utriusque
401 3588 522 3667 imperii
534 3591 651 3648 circiter
663 3592 723 3663 27,
749 3606 791 3647 ex
802 3608 882 3667 pago
897 3588 969 3647 urbs
986 3587 1188 3645 munitissima
1203 3584 1254 3641 fa-

157 3680 205 3729 eta
219 3680 265 3729 est
278 3669 315 3729 ab
327 3672 485 3732 Arausio
499 3675 573 3753 imp.
587 3684 618 3733 et
630 3675 865 3753 Anastasiopolis
881 3671 977 3747 dicta,
998 3682 1033 3730 at
1050 3679 1152 3727 narrat
1168 3670 1254 3727 ilua-

157 3757 239 3832 grius
254 3755 344 3819 lius
366 3760 418 3822 37.
460 3758 627 3819 Darartasis
646 3769 764 3833 autem,
786 3769 821 3817 ut
834 3756 938 3819 Pisida
952 3756 1031 3815 infra
1047 3764 1191 3828 testatur,
1214 3752 1254 3811 ab

155 3841 295 3899 Artasere
308 3840 444 3917 condita,
466 3840 616 3903 Ghosroae
629 3844 817 3924 aliorumque
829 3842 969 3903 Persidos
984 3859 1105 3920 regum,
1128 3839 1181 3918 qui
1193 3838 1255 3895 sir-

155 3927 248 3983 taseri
261 3938 478 4002 sucuesscnmt,
501 3931 584 4007 regia
599 3926 686 3989 sedes
702 3930 771 3989 fuit.
812 3926 889 3988 haec
903 3947 996 4009 prope
1009 3927 1129 4004 Tigrim
1141 3924 1255 3981 flumen

155 4011 213 4069 sita
229 4020 307 4084 erat,
330 4020 360 4070 et
375 4015 403 4071 si
418 4011 615 4092 Theophanis
631 4015 712 4075 valet
725 4017 902 4089 auctoritas,
924 4015 966 4077 26
980 4011 1104 4087 milibut
1119 4028 1138 4068 ἃ
1154 4008 1254 4067 citi·

153 4092 267 4174 phonte
289 4094 427 4155 distabat.
470 4096 525 4157 sed
546 4098 845 4160 animadvertendum
865 4096 1000 4157 Pisidern
1019 4104 1115 4153 metro
1135 4113 1249 4154 nomen

154 4182 253 4258 urbis,
284 4185 457 4265 ceteroquin
477 4183 652 4261 barbaram,
679 4182 937 4245 commmodum:
968 4200 1063 4262 quam
1080 4181 1162 4237 enim
1181 4181 1248 4257 ipse

154 4264 345 4327 Des-aruum
366 4278 469 4347 vocat,
491 4270 676 4352 Dastagerde
696 4291 715 4331 a
735 4267 941 4350 Theophane,
963 4268 1001 4327 ab
1015 4275 1134 4327 auctore
1151 4261 1249 4325 chro-
1364 4288 1368 4299 ¹
