<?xml version="1.0" encoding="UTF-8"?>
<!DOCTYPE html PUBLIC "-//W3C//DTD XHTML 1.0 Transitional//EN"
    "http://www.w3.org/TR/xhtml1/DTD/xhtml1-transitional.dtd">
<html xmlns="http://www.w3.org/1999/xhtml" xml:lang="en" lang="en">
 <head>
  <title>
</title>
<meta http-equiv="Content-Type" content="text/html;charset=utf-8" />
  <meta name='ocr-system' content='tesseract 3.04.00' />
  <meta name='ocr-capabilities' content='ocr_page ocr_carea ocr_par ocr_line ocrx_word'/>
</head>
<body>
  <div class='ocr_page' id='page_1' title='image "./corpusscriptoru19theogoog/corpusscriptoru19theogoog_0366.png"; bbox 0 0 3017 4817; ppageno 0'>
   <div class='ocr_carea' id='block_1_1' title="bbox 276 232 1292 374">
    <p class='ocr_par' dir='ltr' id='par_1_1' title="bbox 276 232 1292 374">
     <span class='ocr_line' id='line_1_1' title="bbox 276 232 1292 374; baseline -0.006 -9"><span class='ocrx_word' id='word_1_1' title='bbox 276 232 350 365; x_wconf 74' lang='lat' dir='ltr'><strong>tto</strong></span> <span class='ocrx_word' id='word_1_2' title='bbox 399 290 613 374; x_wconf 66' lang='lat' dir='ltr'><strong>(inunctus</strong></span> <span class='ocrx_word' id='word_1_3' title='bbox 631 291 677 358; x_wconf 87' lang='lat' dir='ltr'><strong>IN</strong></span> <span class='ocrx_word' id='word_1_4' title='bbox 697 291 897 360; x_wconf 85' lang='lat' dir='ltr'><strong>EXPEDlT.</strong></span> <span class='ocrx_word' id='word_1_5' title='bbox 915 289 1112 360; x_wconf 80' lang='lat' dir='ltr'><strong>PERSiGdE</strong></span> <span class='ocrx_word' id='word_1_6' title='bbox 1127 290 1219 360; x_wconf 78' lang='lat' dir='ltr'>AGR.</span> <span class='ocrx_word' id='word_1_7' title='bbox 1233 291 1292 359; x_wconf 82' lang='lat' dir='ltr'><strong>III.</strong></span> 
     </span>
    </p>
   </div>
   <div class='ocr_carea' id='block_1_2' title="bbox 272 419 1501 966">
    <p class='ocr_par' dir='ltr' id='par_1_2' title="bbox 272 419 1501 966">
     <span class='ocr_line' id='line_1_2' title="bbox 274 419 1501 542; baseline -0.002 -23"><span class='ocrx_word' id='word_1_8' title='bbox 274 456 466 542; x_wconf 73' lang='lat' dir='ltr'><strong>expandente</strong></span> <span class='ocrx_word' id='word_1_9' title='bbox 480 456 618 520; x_wconf 81' lang='lat' dir='ltr'><strong>diabolus</strong></span> <span class='ocrx_word' id='word_1_10' title='bbox 632 470 790 540; x_wconf 78' lang='lat' dir='ltr'><strong>superatus</strong></span> <span class='ocrx_word' id='word_1_11' title='bbox 804 469 861 520; x_wconf 88' lang='lat' dir='ltr'><strong>est.</strong></span> <span class='ocrx_word' id='word_1_12' title='bbox 883 455 1093 519; x_wconf 77' lang='lat' dir='ltr'><strong>Theodoretus</strong></span> <span class='ocrx_word' id='word_1_13' title='bbox 1106 459 1229 536; x_wconf 74' lang='lat' dir='ltr'><strong>Quom.</strong></span> <span class='ocrx_word' id='word_1_14' title='bbox 1238 460 1274 518; x_wconf 81' lang='lat' dir='ltr'><strong>sis</strong></span> <span class='ocrx_word' id='word_1_15' title='bbox 1282 459 1384 518; x_wconf 76' lang='lat' dir='ltr'><strong>Erod.</strong></span> <span class='ocrx_word' id='word_1_16' title='bbox 1500 419 1501 490; x_wconf 65' lang='lat'>{</span> 
     </span>
     <span class='ocr_line' id='line_1_3' title="bbox 273 539 1385 626; baseline -0.004 -14"><span class='ocrx_word' id='word_1_17' title='bbox 273 547 332 612; x_wconf 76' lang='lat'><strong>34:</strong></span> <span class='ocrx_word' id='word_1_18' title='bbox 353 548 411 608; x_wconf 77' lang='lat' dir='ltr'><strong>sori</strong></span> <span class='ocrx_word' id='word_1_19' title='bbox 428 544 658 623; x_wconf 65' lang='lat' dir='ltr'><strong>asmo-dirtos</strong></span> <span class='ocrx_word' id='word_1_20' title='bbox 678 543 758 626; x_wconf 73' lang='lat' dir='ltr'><strong>doio</strong></span> <span class='ocrx_word' id='word_1_21' title='bbox 778 543 870 626; x_wconf 67' lang='grc' dir='ltr'><strong>ἡμῶν</strong></span> <span class='ocrx_word' id='word_1_22' title='bbox 893 539 1025 626; x_wconf 73' lang='grc' dir='ltr'><strong>ἐπλήρου</strong></span> <span class='ocrx_word' id='word_1_23' title='bbox 1048 541 1101 610; x_wconf 76' lang='lat' dir='ltr'><strong>siv</strong></span> <span class='ocrx_word' id='word_1_24' title='bbox 1121 539 1222 608; x_wconf 76' lang='grc' dir='ltr'>τόπον</span> <span class='ocrx_word' id='word_1_25' title='bbox 1238 543 1385 608; x_wconf 60' lang='lat' dir='ltr'><strong>teretem</strong></span> 
     </span>
     <span class='ocr_line' id='line_1_4' title="bbox 273 623 1386 737; baseline -0.004 -42"><span class='ocrx_word' id='word_1_26' title='bbox 273 626 328 737; x_wconf 63' lang='lat' dir='ltr'><strong>saio</strong></span> <span class='ocrx_word' id='word_1_27' title='bbox 349 635 463 712; x_wconf 69' lang='grc' dir='ltr'><strong>χεῖρας·</strong></span> <span class='ocrx_word' id='word_1_28' title='bbox 500 631 624 713; x_wconf 63' lang='grc' dir='ltr'><strong>ἐδείχθη</strong></span> <span class='ocrx_word' id='word_1_29' title='bbox 650 632 757 694; x_wconf 70' lang='grc' dir='ltr'><strong><em>τοίνυν</em></strong></span> <span class='ocrx_word' id='word_1_30' title='bbox 777 631 830 694; x_wconf 78' lang='lat' dir='ltr'><strong>sni</strong></span> <span class='ocrx_word' id='word_1_31' title='bbox 851 629 886 694; x_wconf 78' lang='lat' dir='ltr'><strong>iv</strong></span> <span class='ocrx_word' id='word_1_32' title='bbox 911 635 953 714; x_wconf 77' lang='grc' dir='ltr'><strong>τῷ</strong></span> <span class='ocrx_word' id='word_1_33' title='bbox 982 623 1067 716; x_wconf 73' lang='lat' dir='ltr'><strong>sdasp</strong></span> <span class='ocrx_word' id='word_1_34' title='bbox 1095 634 1151 712; x_wconf 74' lang='grc' dir='ltr'><strong>τῆς</strong></span> <span class='ocrx_word' id='word_1_35' title='bbox 1180 624 1332 710; x_wconf 63' lang='lat' dir='ltr'><strong>tuaest-g</strong></span> <span class='ocrx_word' id='word_1_36' title='bbox 1363 629 1386 710; x_wconf 74' lang='grc' dir='ltr'><em>ἡ</em></span> 
     </span>
     <span class='ocr_line' id='line_1_5' title="bbox 272 718 1381 880; baseline -0.006 -15"><span class='ocrx_word' id='word_1_37' title='bbox 272 718 432 865; x_wconf 52' lang='grc' dir='ltr'><strong>ΜἭΒ.</strong></span> <span class='ocrx_word' id='word_1_38' title='bbox 474 797 573 860; x_wconf 81' lang='lat' dir='ltr'><strong>Exod·</strong></span> <span class='ocrx_word' id='word_1_39' title='bbox 591 803 612 864; x_wconf 76' lang='grc'><strong>8</strong></span> <span class='ocrx_word' id='word_1_40' title='bbox 633 803 665 862; x_wconf 79' lang='lat'><strong>2.</strong></span> <span class='ocrx_word' id='word_1_41' title='bbox 708 795 800 858; x_wconf 88' lang='lat' dir='ltr'><strong>deum</strong></span> <span class='ocrx_word' id='word_1_42' title='bbox 813 818 846 857; x_wconf 88' lang='lat' dir='ltr'><strong>re</strong></span> <span class='ocrx_word' id='word_1_43' title='bbox 859 819 932 858; x_wconf 78' lang='lat' dir='ltr'><strong>vera</strong></span> <span class='ocrx_word' id='word_1_44' title='bbox 945 801 996 858; x_wconf 74' lang='lat' dir='ltr'><strong>vel</strong></span> <span class='ocrx_word' id='word_1_45' title='bbox 1014 797 1064 859; x_wconf 85' lang='lat' dir='ltr'><strong>dei</strong></span> <span class='ocrx_word' id='word_1_46' title='bbox 1078 799 1185 876; x_wconf 87' lang='lat' dir='ltr'><strong>filium,</strong></span> <span class='ocrx_word' id='word_1_47' title='bbox 1207 819 1270 860; x_wconf 88' lang='lat' dir='ltr'><strong>non</strong></span> <span class='ocrx_word' id='word_1_48' title='bbox 1285 819 1381 880; x_wconf 81' lang='lat' dir='ltr'><strong>auge-</strong></span> 
     </span>
     <span class='ocr_line' id='line_1_6' title="bbox 274 883 1380 966; baseline -0.002 -20"><span class='ocrx_word' id='word_1_49' title='bbox 274 890 341 946; x_wconf 86' lang='lat' dir='ltr'><strong>lum</strong></span> <span class='ocrx_word' id='word_1_50' title='bbox 352 887 526 966; x_wconf 83' lang='lat' dir='ltr'><strong>appsruisse</strong></span> <span class='ocrx_word' id='word_1_51' title='bbox 538 887 617 944; x_wconf 78' lang='lat' dir='ltr'><strong>Mosi</strong></span> <span class='ocrx_word' id='word_1_52' title='bbox 629 883 743 944; x_wconf 82' lang='lat' dir='ltr'><strong>diserte</strong></span> <span class='ocrx_word' id='word_1_53' title='bbox 752 894 879 944; x_wconf 86' lang='lat' dir='ltr'><strong>testatur</strong></span> <span class='ocrx_word' id='word_1_54' title='bbox 892 884 1005 960; x_wconf 80' lang='lat' dir='ltr'><strong>Pisida,</strong></span> <span class='ocrx_word' id='word_1_55' title='bbox 1026 895 1164 946; x_wconf 81' lang='lat' dir='ltr'><strong>vetermu</strong></span> <span class='ocrx_word' id='word_1_56' title='bbox 1176 896 1300 965; x_wconf 87' lang='lat' dir='ltr'><strong>patrum</strong></span> <span class='ocrx_word' id='word_1_57' title='bbox 1310 887 1380 966; x_wconf 89' lang='lat' dir='ltr'><strong>opi-</strong></span> 
     </span>
    </p>
   </div>
   <div class='ocr_carea' id='block_1_3' title="bbox 273 969 1501 1052">
    <p class='ocr_par' dir='ltr' id='par_1_3' title="bbox 273 969 1501 1052">
     <span class='ocr_line' id='line_1_7' title="bbox 273 969 1501 1052; baseline 0 -20"><span class='ocrx_word' id='word_1_58' title='bbox 273 975 360 1032; x_wconf 87' lang='lat' dir='ltr'><strong>nioni</strong></span> <span class='ocrx_word' id='word_1_59' title='bbox 379 973 586 1048; x_wconf 80' lang='lat' dir='ltr'><strong>consentiens,</strong></span> <span class='ocrx_word' id='word_1_60' title='bbox 613 989 690 1052; x_wconf 85' lang='lat' dir='ltr'><strong>quos</strong></span> <span class='ocrx_word' id='word_1_61' title='bbox 708 969 813 1030; x_wconf 84' lang='lat' dir='ltr'><strong>laudat</strong></span> <span class='ocrx_word' id='word_1_62' title='bbox 834 971 998 1030; x_wconf 80' lang='lat' dir='ltr'><strong>calmetius</strong></span> <span class='ocrx_word' id='word_1_63' title='bbox 1020 973 1055 1030; x_wconf 81' lang='lat' dir='ltr'><strong>irs</strong></span> <span class='ocrx_word' id='word_1_64' title='bbox 1074 974 1138 1030; x_wconf 73' lang='lat' dir='ltr'><strong>suis</strong></span> <span class='ocrx_word' id='word_1_65' title='bbox 1156 971 1321 1030; x_wconf 66' lang='lat' dir='ltr'><strong>commeat</strong></span> <span class='ocrx_word' id='word_1_66' title='bbox 1344 973 1379 1030; x_wconf 82' lang='lat' dir='ltr'><strong>in</strong></span> <span class='ocrx_word' id='word_1_67' title='bbox 1500 1039 1501 1050; x_wconf 22' lang='lat'>2</span> 
     </span>
    </p>
   </div>
   <div class='ocr_carea' id='block_1_4' title="bbox 273 1057 424 1117">
    <p class='ocr_par' dir='ltr' id='par_1_4' title="bbox 273 1057 424 1117">
     <span class='ocr_line' id='line_1_8' title="bbox 273 1057 424 1117; baseline -0.007 0"><span class='ocrx_word' id='word_1_68' title='bbox 273 1057 424 1117; x_wconf 73' lang='lat' dir='ltr'><strong>Exodrem.</strong></span> 
     </span>
    </p>
   </div>
   <div class='ocr_carea' id='block_1_5' title="bbox 358 1137 1501 1220">
    <p class='ocr_par' dir='ltr' id='par_1_5' title="bbox 358 1137 1501 1220">
     <span class='ocr_line' id='line_1_9' title="bbox 358 1137 1501 1220; baseline -0.009 -13"><span class='ocrx_word' id='word_1_69' title='bbox 358 1140 432 1208; x_wconf 78' lang='lat'><strong>419.</strong></span> <span class='ocrx_word' id='word_1_70' title='bbox 475 1137 568 1200; x_wconf 87' lang='lat' dir='ltr'><strong>deum</strong></span> <span class='ocrx_word' id='word_1_71' title='bbox 580 1139 613 1198; x_wconf 89' lang='lat' dir='ltr'><strong>iu</strong></span> <span class='ocrx_word' id='word_1_72' title='bbox 628 1139 702 1200; x_wconf 87' lang='lat' dir='ltr'><strong>rubo</strong></span> <span class='ocrx_word' id='word_1_73' title='bbox 716 1141 895 1220; x_wconf 86' lang='lat' dir='ltr'><strong>loquentem</strong></span> <span class='ocrx_word' id='word_1_74' title='bbox 911 1139 1005 1202; x_wconf 81' lang='lat' dir='ltr'><strong>fuisse</strong></span> <span class='ocrx_word' id='word_1_75' title='bbox 1025 1141 1153 1202; x_wconf 79' lang='lat' dir='ltr'><strong>verbum</strong></span> <span class='ocrx_word' id='word_1_76' title='bbox 1166 1152 1305 1202; x_wconf 84' lang='lat' dir='ltr'><strong>ooustans</strong></span> <span class='ocrx_word' id='word_1_77' title='bbox 1318 1141 1376 1200; x_wconf 78' lang='lat' dir='ltr'><strong>fuit</strong></span> <span class='ocrx_word' id='word_1_78' title='bbox 1500 1159 1501 1182; x_wconf 73' lang='lat'>2</span> 
     </span>
    </p>
   </div>
   <div class='ocr_carea' id='block_1_6' title="bbox 266 1223 1378 2670">
    <p class='ocr_par' dir='ltr' id='par_1_6' title="bbox 270 1223 1377 2074">
     <span class='ocr_line' id='line_1_10' title="bbox 273 1223 1376 1310; baseline -0.003 -22"><span class='ocrx_word' id='word_1_79' title='bbox 273 1229 466 1310; x_wconf 85' lang='lat' dir='ltr'><strong>antiquorum</strong></span> <span class='ocrx_word' id='word_1_80' title='bbox 480 1227 638 1288; x_wconf 59' lang='lat' dir='ltr'><strong>muntia.</strong></span> <span class='ocrx_word' id='word_1_81' title='bbox 681 1223 795 1284; x_wconf 83' lang='lat' dir='ltr'><strong>videsis</strong></span> <span class='ocrx_word' id='word_1_82' title='bbox 809 1225 841 1285; x_wconf 84' lang='lat' dir='ltr'><strong>S.</strong></span> <span class='ocrx_word' id='word_1_83' title='bbox 859 1227 1006 1306; x_wconf 82' lang='lat' dir='ltr'><strong>cyrillum</strong></span> <span class='ocrx_word' id='word_1_84' title='bbox 1020 1229 1138 1288; x_wconf 84' lang='lat' dir='ltr'><strong>Hieros.</strong></span> <span class='ocrx_word' id='word_1_85' title='bbox 1156 1226 1277 1286; x_wconf 72' lang='lat' dir='ltr'><strong>Cateoln</strong></span> <span class='ocrx_word' id='word_1_86' title='bbox 1294 1230 1335 1290; x_wconf 88' lang='grc'><strong>10</strong></span> <span class='ocrx_word' id='word_1_87' title='bbox 1346 1237 1376 1285; x_wconf 86' lang='lat' dir='ltr'><strong>et</strong></span> 
     </span>
     <span class='ocr_line' id='line_1_11' title="bbox 274 1307 1376 1392; baseline -0.001 -21"><span class='ocrx_word' id='word_1_88' title='bbox 274 1320 326 1378; x_wconf 92' lang='grc'><strong>11.</strong></span> <span class='ocrx_word' id='word_1_89' title='bbox 371 1324 491 1372; x_wconf 81' lang='lat' dir='ltr'><strong>atvero</strong></span> <span class='ocrx_word' id='word_1_90' title='bbox 512 1309 622 1370; x_wconf 86' lang='lat' dir='ltr'><strong>rubum</strong></span> <span class='ocrx_word' id='word_1_91' title='bbox 639 1309 864 1370; x_wconf 68' lang='lat' dir='ltr'><strong>incombustum</strong></span> <span class='ocrx_word' id='word_1_92' title='bbox 884 1307 933 1370; x_wconf 89' lang='lat' dir='ltr'><strong>dei</strong></span> <span class='ocrx_word' id='word_1_93' title='bbox 945 1313 1184 1372; x_wconf 75' lang='lat' dir='ltr'><strong>incarnationem</strong></span> <span class='ocrx_word' id='word_1_94' title='bbox 1194 1312 1376 1392; x_wconf 69' lang='lat' dir='ltr'><strong>significem</strong></span> 
     </span>
     <span class='ocr_line' id='line_1_12' title="bbox 272 1395 1377 1477; baseline -0.007 -15"><span class='ocrx_word' id='word_1_95' title='bbox 272 1418 363 1462; x_wconf 82' lang='lat' dir='ltr'><strong>nemo</strong></span> <span class='ocrx_word' id='word_1_96' title='bbox 377 1416 440 1458; x_wconf 92' lang='lat' dir='ltr'><strong>uon</strong></span> <span class='ocrx_word' id='word_1_97' title='bbox 454 1397 625 1456; x_wconf 81' lang='lat' dir='ltr'><strong>affirmavit.</strong></span> <span class='ocrx_word' id='word_1_98' title='bbox 648 1399 740 1456; x_wconf 88' lang='lat' dir='ltr'><strong>rubus</strong></span> <span class='ocrx_word' id='word_1_99' title='bbox 758 1399 854 1455; x_wconf 86' lang='lat' dir='ltr'><strong>earnis</strong></span> <span class='ocrx_word' id='word_1_100' title='bbox 870 1406 933 1455; x_wconf 86' lang='lat' dir='ltr'><strong>erat</strong></span> <span class='ocrx_word' id='word_1_101' title='bbox 948 1397 1131 1477; x_wconf 85' lang='lat' dir='ltr'><strong>symbolum,</strong></span> <span class='ocrx_word' id='word_1_102' title='bbox 1152 1409 1184 1457; x_wconf 89' lang='lat' dir='ltr'><strong>et</strong></span> <span class='ocrx_word' id='word_1_103' title='bbox 1200 1401 1279 1477; x_wconf 86' lang='lat' dir='ltr'><strong>ignia</strong></span> <span class='ocrx_word' id='word_1_104' title='bbox 1295 1395 1377 1454; x_wconf 81' lang='lat' dir='ltr'><strong>divi-</strong></span> 
     </span>
     <span class='ocr_line' id='line_1_13' title="bbox 272 1480 1376 1562; baseline -0.002 -20"><span class='ocrx_word' id='word_1_105' title='bbox 272 1485 394 1544; x_wconf 83' lang='lat' dir='ltr'><strong>nitatis:</strong></span> <span class='ocrx_word' id='word_1_106' title='bbox 419 1485 497 1544; x_wconf 86' lang='lat' dir='ltr'><strong>siout</strong></span> <span class='ocrx_word' id='word_1_107' title='bbox 519 1493 622 1541; x_wconf 87' lang='lat' dir='ltr'><strong>autem</strong></span> <span class='ocrx_word' id='word_1_108' title='bbox 641 1485 723 1562; x_wconf 84' lang='lat' dir='ltr'><strong>ignis</strong></span> <span class='ocrx_word' id='word_1_109' title='bbox 747 1482 872 1557; x_wconf 86' lang='lat' dir='ltr'><strong>rubum,</strong></span> <span class='ocrx_word' id='word_1_110' title='bbox 901 1485 943 1540; x_wconf 88' lang='lat' dir='ltr'><strong>ita</strong></span> <span class='ocrx_word' id='word_1_111' title='bbox 965 1481 1060 1542; x_wconf 88' lang='lat' dir='ltr'><strong>deitas</strong></span> <span class='ocrx_word' id='word_1_112' title='bbox 1080 1480 1300 1542; x_wconf 85' lang='lat' dir='ltr'><strong>humanitatem</strong></span> <span class='ocrx_word' id='word_1_113' title='bbox 1313 1502 1376 1541; x_wconf 88' lang='lat' dir='ltr'><strong>uon</strong></span> 
     </span>
     <span class='ocr_line' id='line_1_14' title="bbox 273 1562 1376 1648; baseline -0.001 -19"><span class='ocrx_word' id='word_1_114' title='bbox 273 1571 475 1648; x_wconf 87' lang='lat' dir='ltr'><strong>oonsumpsit;</strong></span> <span class='ocrx_word' id='word_1_115' title='bbox 504 1565 585 1627; x_wconf 89' lang='lat' dir='ltr'><strong>unde</strong></span> <span class='ocrx_word' id='word_1_116' title='bbox 609 1562 684 1628; x_wconf 84' lang='lat' dir='ltr'><strong>duas</strong></span> <span class='ocrx_word' id='word_1_117' title='bbox 701 1569 735 1625; x_wconf 91' lang='lat' dir='ltr'><strong>iu</strong></span> <span class='ocrx_word' id='word_1_118' title='bbox 753 1563 871 1626; x_wconf 86' lang='lat' dir='ltr'><strong>Christo</strong></span> <span class='ocrx_word' id='word_1_119' title='bbox 889 1587 954 1628; x_wconf 84' lang='lat' dir='ltr'><strong>esse</strong></span> <span class='ocrx_word' id='word_1_120' title='bbox 968 1580 1091 1628; x_wconf 73' lang='lat' dir='ltr'><strong>neutras</strong></span> <span class='ocrx_word' id='word_1_121' title='bbox 1107 1571 1241 1648; x_wconf 86' lang='lat' dir='ltr'><strong>integras</strong></span> <span class='ocrx_word' id='word_1_122' title='bbox 1256 1569 1376 1628; x_wconf 83' lang='lat' dir='ltr'><strong>illaesas</strong></span> 
     </span>
     <span class='ocr_line' id='line_1_15' title="bbox 272 1651 1376 1734; baseline -0.003 -21"><span class='ocrx_word' id='word_1_123' title='bbox 272 1665 304 1713; x_wconf 88' lang='lat' dir='ltr'><strong>et</strong></span> <span class='ocrx_word' id='word_1_124' title='bbox 319 1655 493 1714; x_wconf 82' lang='lat' dir='ltr'><strong>inconfusas</strong></span> <span class='ocrx_word' id='word_1_125' title='bbox 512 1653 673 1714; x_wconf 72' lang='lat' dir='ltr'><strong>manifeste</strong></span> <span class='ocrx_word' id='word_1_126' title='bbox 690 1655 847 1712; x_wconf 79' lang='lat' dir='ltr'><strong>evincitur.</strong></span> <span class='ocrx_word' id='word_1_127' title='bbox 891 1671 952 1732; x_wconf 90' lang='lat' dir='ltr'><strong>quo</strong></span> <span class='ocrx_word' id='word_1_128' title='bbox 977 1673 1050 1712; x_wconf 88' lang='lat' dir='ltr'><strong>eane</strong></span> <span class='ocrx_word' id='word_1_129' title='bbox 1073 1657 1194 1734; x_wconf 86' lang='lat' dir='ltr'><strong>respioit</strong></span> <span class='ocrx_word' id='word_1_130' title='bbox 1215 1651 1319 1718; x_wconf 82' lang='lat' dir='ltr'><strong>Pisida</strong></span> <span class='ocrx_word' id='word_1_131' title='bbox 1337 1651 1376 1711; x_wconf 87' lang='lat' dir='ltr'><strong>ad</strong></span> 
     </span>
     <span class='ocr_line' id='line_1_16' title="bbox 273 1735 1377 1816; baseline -0.002 -16"><span class='ocrx_word' id='word_1_132' title='bbox 273 1737 471 1800; x_wconf 82' lang='lat' dir='ltr'><strong>ooufutandas</strong></span> <span class='ocrx_word' id='word_1_133' title='bbox 483 1735 624 1797; x_wconf 85' lang='lat' dir='ltr'><strong>haereses</strong></span> <span class='ocrx_word' id='word_1_134' title='bbox 636 1739 685 1797; x_wconf 91' lang='lat' dir='ltr'><strong>sui</strong></span> <span class='ocrx_word' id='word_1_135' title='bbox 698 1739 842 1816; x_wconf 86' lang='lat' dir='ltr'><strong>temporis</strong></span> <span class='ocrx_word' id='word_1_136' title='bbox 856 1739 992 1797; x_wconf 86' lang='lat' dir='ltr'><strong>maxime</strong></span> <span class='ocrx_word' id='word_1_137' title='bbox 1007 1742 1149 1800; x_wconf 85' lang='lat' dir='ltr'><strong>intentus.</strong></span> <span class='ocrx_word' id='word_1_138' title='bbox 1176 1737 1280 1799; x_wconf 81' lang='lat' dir='ltr'><strong>diceus</strong></span> <span class='ocrx_word' id='word_1_139' title='bbox 1294 1741 1377 1798; x_wconf 88' lang='lat' dir='ltr'><strong>enim</strong></span> 
     </span>
     <span class='ocr_line' id='line_1_17' title="bbox 272 1815 1376 1908; baseline 0 -24"><span class='ocrx_word' id='word_1_140' title='bbox 272 1824 356 1906; x_wconf 81' lang='lat' dir='ltr'><strong>quod</strong></span> <span class='ocrx_word' id='word_1_141' title='bbox 367 1827 468 1883; x_wconf 79' lang='lat' dir='ltr'><strong>Moses</strong></span> <span class='ocrx_word' id='word_1_142' title='bbox 483 1815 679 1903; x_wconf 66' lang='grc' dir='ltr'><strong>ἆπηκρίβωσι</strong></span> <span class='ocrx_word' id='word_1_143' title='bbox 698 1817 757 1902; x_wconf 67' lang='grc' dir='ltr'><strong>τήν</strong></span> <span class='ocrx_word' id='word_1_144' title='bbox 778 1817 876 1903; x_wconf 72' lang='grc' dir='ltr'><strong><em>φλόγα</em></strong></span> <span class='ocrx_word' id='word_1_145' title='bbox 893 1819 926 1886; x_wconf 75' lang='grc' dir='ltr'><strong>ἓν</strong></span> <span class='ocrx_word' id='word_1_146' title='bbox 944 1816 1047 1908; x_wconf 70' lang='grc' dir='ltr'><strong><em>βάτῳ,</em></strong></span> <span class='ocrx_word' id='word_1_147' title='bbox 1075 1823 1125 1886; x_wconf 79' lang='lat' dir='ltr'><strong>ssi</strong></span> <span class='ocrx_word' id='word_1_148' title='bbox 1141 1817 1198 1902; x_wconf 74' lang='grc' dir='ltr'><strong>τήν</strong></span> <span class='ocrx_word' id='word_1_149' title='bbox 1219 1819 1320 1904; x_wconf 68' lang='grc' dir='ltr'>βάτον</span> <span class='ocrx_word' id='word_1_150' title='bbox 1336 1815 1376 1885; x_wconf 79' lang='lat' dir='ltr'><strong>od</strong></span> 
     </span>
     <span class='ocr_line' id='line_1_18' title="bbox 270 1904 1376 1989; baseline -0.007 -15"><span class='ocrx_word' id='word_1_151' title='bbox 270 1907 498 1989; x_wconf 69' lang='grc' dir='ltr'><strong>πεφλεγμίνην,</strong></span> <span class='ocrx_word' id='word_1_152' title='bbox 519 1905 595 1966; x_wconf 88' lang='lat' dir='ltr'><strong>duas</strong></span> <span class='ocrx_word' id='word_1_153' title='bbox 611 1904 644 1966; x_wconf 88' lang='lat' dir='ltr'><strong>in</strong></span> <span class='ocrx_word' id='word_1_154' title='bbox 658 1905 715 1966; x_wconf 90' lang='lat' dir='ltr'><strong>deo</strong></span> <span class='ocrx_word' id='word_1_155' title='bbox 729 1909 884 1966; x_wconf 88' lang='lat' dir='ltr'><strong>inoarnato</strong></span> <span class='ocrx_word' id='word_1_156' title='bbox 896 1928 959 1968; x_wconf 89' lang='lat' dir='ltr'><strong>non</strong></span> <span class='ocrx_word' id='word_1_157' title='bbox 973 1910 1110 1970; x_wconf 80' lang='lat' dir='ltr'><strong>confusas</strong></span> <span class='ocrx_word' id='word_1_158' title='bbox 1121 1919 1240 1968; x_wconf 86' lang='lat' dir='ltr'><strong>naturas</strong></span> <span class='ocrx_word' id='word_1_159' title='bbox 1251 1911 1376 1968; x_wconf 84' lang='lat' dir='ltr'><strong>Mosam</strong></span> 
     </span>
     <span class='ocr_line' id='line_1_19' title="bbox 272 1991 963 2074; baseline 0 -20"><span class='ocrx_word' id='word_1_160' title='bbox 272 1997 449 2074; x_wconf 81' lang='lat' dir='ltr'><strong>cognovisse</strong></span> <span class='ocrx_word' id='word_1_161' title='bbox 465 2004 568 2052; x_wconf 83' lang='lat' dir='ltr'><strong>contra</strong></span> <span class='ocrx_word' id='word_1_162' title='bbox 579 1991 807 2074; x_wconf 68' lang='lat' dir='ltr'><strong>monophysitas</strong></span> <span class='ocrx_word' id='word_1_163' title='bbox 822 1991 963 2054; x_wconf 81' lang='lat' dir='ltr'><strong>affirmet.</strong></span> 
     </span>
    </p>

    <p class='ocr_par' dir='ltr' id='par_1_7' title="bbox 266 2071 1378 2670">
     <span class='ocr_line' id='line_1_20' title="bbox 355 2071 1375 2159; baseline -0.006 -17"><span class='ocrx_word' id='word_1_164' title='bbox 355 2079 430 2144; x_wconf 76' lang='lat'><strong>421.</strong></span> <span class='ocrx_word' id='word_1_165' title='bbox 472 2076 576 2138; x_wconf 84' lang='lat' dir='ltr'><strong>Pisida</strong></span> <span class='ocrx_word' id='word_1_166' title='bbox 594 2089 699 2138; x_wconf 85' lang='lat' dir='ltr'><strong>auotor</strong></span> <span class='ocrx_word' id='word_1_167' title='bbox 718 2088 764 2139; x_wconf 87' lang='lat' dir='ltr'><strong>est</strong></span> <span class='ocrx_word' id='word_1_168' title='bbox 777 2077 896 2138; x_wconf 74' lang='lat' dir='ltr'><strong>Mosam</strong></span> <span class='ocrx_word' id='word_1_169' title='bbox 911 2089 976 2138; x_wconf 85' lang='lat' dir='ltr'><strong>tam</strong></span> <span class='ocrx_word' id='word_1_170' title='bbox 994 2089 1184 2159; x_wconf 75' lang='lat' dir='ltr'><strong>praesentem</strong></span> <span class='ocrx_word' id='word_1_171' title='bbox 1199 2075 1293 2136; x_wconf 81' lang='lat' dir='ltr'><strong>fuisse</strong></span> <span class='ocrx_word' id='word_1_172' title='bbox 1314 2071 1375 2136; x_wconf 90' lang='lat' dir='ltr'><strong>deo</strong></span> 
     </span>
     <span class='ocr_line' id='line_1_21' title="bbox 266 2161 1377 2245; baseline -0.004 -21"><span class='ocrx_word' id='word_1_173' title='bbox 266 2165 387 2245; x_wconf 31' lang='lat' dir='ltr'><strong>,utipse</strong></span> <span class='ocrx_word' id='word_1_174' title='bbox 400 2163 475 2224; x_wconf 86' lang='lat' dir='ltr'><strong>deus</strong></span> <span class='ocrx_word' id='word_1_175' title='bbox 489 2165 625 2240; x_wconf 81' lang='lat' dir='ltr'><strong>Mosam,</strong></span> <span class='ocrx_word' id='word_1_176' title='bbox 650 2175 685 2224; x_wconf 89' lang='lat' dir='ltr'><strong>ut</strong></span> <span class='ocrx_word' id='word_1_177' title='bbox 705 2175 785 2240; x_wconf 87' lang='lat' dir='ltr'><strong>erat,</strong></span> <span class='ocrx_word' id='word_1_178' title='bbox 813 2183 902 2224; x_wconf 83' lang='lat' dir='ltr'><strong>carne</strong></span> <span class='ocrx_word' id='word_1_179' title='bbox 921 2167 1064 2224; x_wconf 80' lang='lat' dir='ltr'><strong>vestitum</strong></span> <span class='ocrx_word' id='word_1_180' title='bbox 1082 2161 1207 2238; x_wconf 83' lang='lat' dir='ltr'><strong>viderit,</strong></span> <span class='ocrx_word' id='word_1_181' title='bbox 1230 2173 1261 2221; x_wconf 84' lang='lat' dir='ltr'><strong>et</strong></span> <span class='ocrx_word' id='word_1_182' title='bbox 1273 2163 1377 2221; x_wconf 84' lang='lat' dir='ltr'><strong>Moses</strong></span> 
     </span>
     <span class='ocr_line' id='line_1_22' title="bbox 270 2245 1378 2336; baseline -0.004 -26"><span class='ocrx_word' id='word_1_183' title='bbox 270 2253 361 2310; x_wconf 86' lang='lat' dir='ltr'><strong>etism</strong></span> <span class='ocrx_word' id='word_1_184' title='bbox 375 2270 437 2309; x_wconf 91' lang='lat' dir='ltr'><strong>non</strong></span> <span class='ocrx_word' id='word_1_185' title='bbox 452 2249 560 2330; x_wconf 88' lang='lat' dir='ltr'><strong>spiritu</strong></span> <span class='ocrx_word' id='word_1_186' title='bbox 575 2245 632 2309; x_wconf 85' lang='lat' dir='ltr'><strong>sed</strong></span> <span class='ocrx_word' id='word_1_187' title='bbox 651 2253 782 2336; x_wconf 70' lang='grc' dir='ltr'><strong>σαρκικῇ</strong></span> <span class='ocrx_word' id='word_1_188' title='bbox 802 2250 936 2335; x_wconf 69' lang='grc' dir='ltr'><strong>θεωρίᾳ,</strong></span> <span class='ocrx_word' id='word_1_189' title='bbox 958 2270 1047 2326; x_wconf 79' lang='lat' dir='ltr'><strong>vere,</strong></span> <span class='ocrx_word' id='word_1_190' title='bbox 1071 2251 1212 2310; x_wconf 77' lang='lat' dir='ltr'><strong>intuitive</strong></span> <span class='ocrx_word' id='word_1_191' title='bbox 1232 2258 1264 2307; x_wconf 90' lang='lat' dir='ltr'><strong>et</strong></span> <span class='ocrx_word' id='word_1_192' title='bbox 1281 2249 1378 2307; x_wconf 84' lang='lat' dir='ltr'><strong>oeulis</strong></span> 
     </span>
     <span class='ocr_line' id='line_1_23' title="bbox 270 2331 1375 2416; baseline -0.002 -22"><span class='ocrx_word' id='word_1_193' title='bbox 270 2335 440 2394; x_wconf 79' lang='lat' dir='ltr'><strong>casualibus</strong></span> <span class='ocrx_word' id='word_1_194' title='bbox 460 2333 554 2395; x_wconf 87' lang='lat' dir='ltr'><strong>deum</strong></span> <span class='ocrx_word' id='word_1_195' title='bbox 574 2336 774 2416; x_wconf 81' lang='lat' dir='ltr'><strong>oonspexerit.</strong></span> <span class='ocrx_word' id='word_1_196' title='bbox 818 2331 1002 2415; x_wconf 84' lang='lat' dir='ltr'><strong>disputatum</strong></span> <span class='ocrx_word' id='word_1_197' title='bbox 1026 2331 1152 2416; x_wconf 88' lang='lat' dir='ltr'><strong>quidem</strong></span> <span class='ocrx_word' id='word_1_198' title='bbox 1171 2345 1219 2394; x_wconf 92' lang='lat' dir='ltr'><strong>est</strong></span> <span class='ocrx_word' id='word_1_199' title='bbox 1245 2336 1375 2415; x_wconf 82' lang='lat' dir='ltr'><strong>saepim,</strong></span> 
     </span>
     <span class='ocr_line' id='line_1_24' title="bbox 269 2415 1375 2500; baseline -0.001 -22"><span class='ocrx_word' id='word_1_200' title='bbox 269 2417 423 2500; x_wconf 89' lang='lat' dir='ltr'><strong>quomodo</strong></span> <span class='ocrx_word' id='word_1_201' title='bbox 438 2416 531 2480; x_wconf 86' lang='lat' dir='ltr'><strong>deum</strong></span> <span class='ocrx_word' id='word_1_202' title='bbox 543 2419 676 2478; x_wconf 80' lang='lat' dir='ltr'><strong>viderint</strong></span> <span class='ocrx_word' id='word_1_203' title='bbox 686 2422 787 2479; x_wconf 84' lang='lat' dir='ltr'><strong>Mosae</strong></span> <span class='ocrx_word' id='word_1_204' title='bbox 797 2417 921 2478; x_wconf 83' lang='lat' dir='ltr'><strong>Paullus</strong></span> <span class='ocrx_word' id='word_1_205' title='bbox 938 2429 969 2479; x_wconf 88' lang='lat' dir='ltr'><strong>at</strong></span> <span class='ocrx_word' id='word_1_206' title='bbox 978 2415 1161 2500; x_wconf 85' lang='lat' dir='ltr'><strong>prophetae:</strong></span> <span class='ocrx_word' id='word_1_207' title='bbox 1183 2421 1218 2480; x_wconf 90' lang='lat' dir='ltr'><strong>S.</strong></span> <span class='ocrx_word' id='word_1_208' title='bbox 1234 2422 1375 2478; x_wconf 81' lang='lat' dir='ltr'><strong>Irenaeus</strong></span> 
     </span>
     <span class='ocr_line' id='line_1_25' title="bbox 269 2501 1374 2570; baseline 0 -8"><span class='ocrx_word' id='word_1_209' title='bbox 269 2515 374 2562; x_wconf 68' lang='lat' dir='ltr'><strong>coum</strong></span> <span class='ocrx_word' id='word_1_210' title='bbox 386 2503 521 2562; x_wconf 68' lang='lat' dir='ltr'><strong>bouem</strong></span> <span class='ocrx_word' id='word_1_211' title='bbox 540 2503 594 2563; x_wconf 70' lang='lat' dir='ltr'><strong>lib.</strong></span> <span class='ocrx_word' id='word_1_212' title='bbox 610 2503 631 2567; x_wconf 81' lang='lat'><strong>4</strong></span> <span class='ocrx_word' id='word_1_213' title='bbox 650 2525 678 2563; x_wconf 86' lang='lat' dir='ltr'><strong>e.</strong></span> <span class='ocrx_word' id='word_1_214' title='bbox 696 2510 738 2570; x_wconf 77' lang='grc'><strong>20</strong></span> <span class='ocrx_word' id='word_1_215' title='bbox 758 2507 913 2564; x_wconf 85' lang='lat' dir='ltr'><strong>nemiuem</strong></span> <span class='ocrx_word' id='word_1_216' title='bbox 934 2501 1026 2564; x_wconf 88' lang='lat' dir='ltr'><strong>deum</strong></span> <span class='ocrx_word' id='word_1_217' title='bbox 1044 2503 1157 2564; x_wconf 82' lang='lat' dir='ltr'><strong>vidisse</strong></span> <span class='ocrx_word' id='word_1_218' title='bbox 1178 2507 1257 2564; x_wconf 84' lang='lat' dir='ltr'><strong>saoie</strong></span> <span class='ocrx_word' id='word_1_219' title='bbox 1270 2501 1308 2562; x_wconf 90' lang='lat' dir='ltr'><strong>ad</strong></span> <span class='ocrx_word' id='word_1_220' title='bbox 1323 2505 1374 2562; x_wconf 82' lang='lat' dir='ltr'><strong>fa-</strong></span> 
     </span>
     <span class='ocr_line' id='line_1_26' title="bbox 268 2587 1372 2670; baseline 0 -23"><span class='ocrx_word' id='word_1_221' title='bbox 268 2589 362 2663; x_wconf 81' lang='lat' dir='ltr'><strong>ciem,</strong></span> <span class='ocrx_word' id='word_1_222' title='bbox 384 2588 476 2650; x_wconf 77' lang='lat' dir='ltr'><strong>sicuti</strong></span> <span class='ocrx_word' id='word_1_223' title='bbox 489 2600 551 2664; x_wconf 79' lang='lat' dir='ltr'><strong>est,</strong></span> <span class='ocrx_word' id='word_1_224' title='bbox 571 2587 676 2648; x_wconf 89' lang='lat' dir='ltr'><strong>multis</strong></span> <span class='ocrx_word' id='word_1_225' title='bbox 689 2588 797 2668; x_wconf 85' lang='lat' dir='ltr'><strong>probat</strong></span> <span class='ocrx_word' id='word_1_226' title='bbox 811 2592 1007 2670; x_wconf 82' lang='lat' dir='ltr'><strong>argumentis.</strong></span> <span class='ocrx_word' id='word_1_227' title='bbox 1048 2609 1112 2650; x_wconf 84' lang='lat' dir='ltr'><strong>nou</strong></span> <span class='ocrx_word' id='word_1_228' title='bbox 1128 2591 1298 2664; x_wconf 85' lang='lat' dir='ltr'><strong>manifeste,</strong></span> <span class='ocrx_word' id='word_1_229' title='bbox 1318 2591 1372 2664; x_wconf 89' lang='lat' dir='ltr'><strong>ait,</strong></span> 
     </span>
    </p>
   </div>
   <div class='ocr_carea' id='block_1_7' title="bbox 268 2671 1501 2756">
    <p class='ocr_par' dir='ltr' id='par_1_8' title="bbox 268 2671 1501 2756">
     <span class='ocr_line' id='line_1_27' title="bbox 268 2671 1501 2756; baseline 0.002 -26"><span class='ocrx_word' id='word_1_230' title='bbox 268 2676 368 2752; x_wconf 72' lang='grc' dir='ltr'><strong>ἰμωη</strong></span> <span class='ocrx_word' id='word_1_231' title='bbox 375 2672 497 2754; x_wconf 70' lang='lat' dir='ltr'><strong>saviam</strong></span> <span class='ocrx_word' id='word_1_232' title='bbox 510 2672 717 2733; x_wconf 63' lang='lat' dir='ltr'><strong>detondebant</strong></span> <span class='ocrx_word' id='word_1_233' title='bbox 726 2671 907 2754; x_wconf 74' lang='lat' dir='ltr'><strong>prophetae,</strong></span> <span class='ocrx_word' id='word_1_234' title='bbox 934 2674 989 2736; x_wconf 74' lang='lat' dir='ltr'><strong>sed</strong></span> <span class='ocrx_word' id='word_1_235' title='bbox 1001 2675 1209 2756; x_wconf 62' lang='lat' dir='ltr'><strong>deputem</strong></span> <span class='ocrx_word' id='word_1_236' title='bbox 1222 2687 1250 2734; x_wconf 72' lang='lat' dir='ltr'><strong>aa</strong></span> <span class='ocrx_word' id='word_1_237' title='bbox 1263 2685 1374 2753; x_wconf 55' lang='lat' dir='ltr'><strong>myssa</strong></span> <span class='ocrx_word' id='word_1_238' title='bbox 1500 2687 1501 2704; x_wconf 60' lang='lat'>¹</span> 
     </span>
    </p>
   </div>
   <div class='ocr_carea' id='block_1_8' title="bbox 263 2757 1377 4120">
    <p class='ocr_par' dir='ltr' id='par_1_9' title="bbox 264 2757 1377 3412">
     <span class='ocr_line' id='line_1_28' title="bbox 267 2757 1373 2842; baseline 0.004 -26"><span class='ocrx_word' id='word_1_239' title='bbox 267 2760 331 2830; x_wconf 81' lang='lat' dir='ltr'><strong>rio,</strong></span> <span class='ocrx_word' id='word_1_240' title='bbox 353 2779 413 2837; x_wconf 79' lang='lat' dir='ltr'><strong>per</strong></span> <span class='ocrx_word' id='word_1_241' title='bbox 428 2779 508 2839; x_wconf 79' lang='lat' dir='ltr'><strong>quoe</strong></span> <span class='ocrx_word' id='word_1_242' title='bbox 522 2760 663 2839; x_wconf 56' lang='lat' dir='ltr'><strong>aisement</strong></span> <span class='ocrx_word' id='word_1_243' title='bbox 676 2757 765 2818; x_wconf 78' lang='lat' dir='ltr'><strong>hanso</strong></span> <span class='ocrx_word' id='word_1_244' title='bbox 778 2757 991 2820; x_wconf 58' lang='lat' dir='ltr'><strong>usuardum.</strong></span> <span class='ocrx_word' id='word_1_245' title='bbox 1037 2781 1116 2842; x_wconf 86' lang='lat' dir='ltr'><strong>quae</strong></span> <span class='ocrx_word' id='word_1_246' title='bbox 1129 2761 1223 2821; x_wconf 79' lang='lat' dir='ltr'><strong>verba</strong></span> <span class='ocrx_word' id='word_1_247' title='bbox 1238 2779 1308 2820; x_wconf 89' lang='lat' dir='ltr'><strong>oum</strong></span> <span class='ocrx_word' id='word_1_248' title='bbox 1324 2761 1373 2836; x_wconf 89' lang='lat' dir='ltr'><strong>iis,</strong></span> 
     </span>
     <span class='ocr_line' id='line_1_29' title="bbox 268 2839 1376 2928; baseline 0.002 -24"><span class='ocrx_word' id='word_1_249' title='bbox 268 2863 348 2928; x_wconf 87' lang='lat' dir='ltr'><strong>quae</strong></span> <span class='ocrx_word' id='word_1_250' title='bbox 362 2842 400 2903; x_wconf 88' lang='lat' dir='ltr'><strong>de</strong></span> <span class='ocrx_word' id='word_1_251' title='bbox 413 2839 472 2904; x_wconf 86' lang='lat' dir='ltr'><strong>heo</strong></span> <span class='ocrx_word' id='word_1_252' title='bbox 486 2865 519 2904; x_wconf 88' lang='lat' dir='ltr'><strong>re</strong></span> <span class='ocrx_word' id='word_1_253' title='bbox 530 2843 623 2904; x_wconf 81' lang='lat' dir='ltr'><strong>tradit</strong></span> <span class='ocrx_word' id='word_1_254' title='bbox 635 2856 721 2906; x_wconf 82' lang='lat' dir='ltr'><strong>vetus</strong></span> <span class='ocrx_word' id='word_1_255' title='bbox 734 2845 872 2925; x_wconf 73' lang='lat' dir='ltr'><strong>inprimis</strong></span> <span class='ocrx_word' id='word_1_256' title='bbox 889 2857 1001 2922; x_wconf 87' lang='lat' dir='ltr'><strong>auotor,</strong></span> <span class='ocrx_word' id='word_1_257' title='bbox 1022 2848 1085 2906; x_wconf 82' lang='lat' dir='ltr'><strong>sive</strong></span> <span class='ocrx_word' id='word_1_258' title='bbox 1097 2849 1265 2926; x_wconf 85' lang='lat' dir='ltr'><strong>Dionysius</strong></span> <span class='ocrx_word' id='word_1_259' title='bbox 1277 2849 1376 2906; x_wconf 82' lang='lat' dir='ltr'><strong>Areo·</strong></span> 
     </span>
     <span class='ocr_line' id='line_1_30' title="bbox 266 2927 1375 3010; baseline 0.002 -22"><span class='ocrx_word' id='word_1_260' title='bbox 266 2930 388 3010; x_wconf 73' lang='lat' dir='ltr'><strong>pagiua,</strong></span> <span class='ocrx_word' id='word_1_261' title='bbox 410 2929 448 2989; x_wconf 80' lang='lat' dir='ltr'><strong>de</strong></span> <span class='ocrx_word' id='word_1_262' title='bbox 461 2928 537 2989; x_wconf 79' lang='lat' dir='ltr'><strong>coel.</strong></span> <span class='ocrx_word' id='word_1_263' title='bbox 551 2929 641 2990; x_wconf 82' lang='lat' dir='ltr'><strong>Hier.</strong></span> <span class='ocrx_word' id='word_1_264' title='bbox 657 2952 685 2989; x_wconf 89' lang='lat' dir='ltr'><strong>o.</strong></span> <span class='ocrx_word' id='word_1_265' title='bbox 704 2927 726 2994; x_wconf 79' lang='grc'><strong>4</strong></span> <span class='ocrx_word' id='word_1_266' title='bbox 742 2935 762 2996; x_wconf 81' lang='grc'><strong>3</strong></span> <span class='ocrx_word' id='word_1_267' title='bbox 784 2931 908 2990; x_wconf 84' lang='lat' dir='ltr'><strong>mirifica</strong></span> <span class='ocrx_word' id='word_1_268' title='bbox 924 2933 1116 2992; x_wconf 79' lang='lat' dir='ltr'><strong>eonveuirmt.</strong></span> <span class='ocrx_word' id='word_1_269' title='bbox 1159 2935 1285 2991; x_wconf 74' lang='lat' dir='ltr'><strong>Irenaeo</strong></span> <span class='ocrx_word' id='word_1_270' title='bbox 1300 2949 1375 2990; x_wconf 88' lang='lat' dir='ltr'><strong>oon-</strong></span> 
     </span>
     <span class='ocr_line' id='line_1_31' title="bbox 267 3015 1375 3098; baseline 0 -24"><span class='ocrx_word' id='word_1_271' title='bbox 267 3019 401 3081; x_wconf 87' lang='lat' dir='ltr'><strong>sentiunt</strong></span> <span class='ocrx_word' id='word_1_272' title='bbox 413 3017 515 3097; x_wconf 85' lang='lat' dir='ltr'><strong>plures</strong></span> <span class='ocrx_word' id='word_1_273' title='bbox 530 3036 572 3076; x_wconf 86' lang='lat' dir='ltr'><strong>ss.</strong></span> <span class='ocrx_word' id='word_1_274' title='bbox 585 3026 701 3098; x_wconf 82' lang='lat' dir='ltr'><strong>patres,</strong></span> <span class='ocrx_word' id='word_1_275' title='bbox 735 3035 812 3097; x_wconf 87' lang='lat' dir='ltr'><strong>quos</strong></span> <span class='ocrx_word' id='word_1_276' title='bbox 829 3019 908 3076; x_wconf 86' lang='lat' dir='ltr'><strong>inter</strong></span> <span class='ocrx_word' id='word_1_277' title='bbox 922 3015 1123 3078; x_wconf 77' lang='lat' dir='ltr'><strong>consulendus</strong></span> <span class='ocrx_word' id='word_1_278' title='bbox 1136 3018 1170 3077; x_wconf 80' lang='lat' dir='ltr'><strong>S.</strong></span> <span class='ocrx_word' id='word_1_279' title='bbox 1183 3019 1375 3096; x_wconf 68' lang='lat' dir='ltr'><strong>Augustinus</strong></span> 
     </span>
     <span class='ocr_line' id='line_1_32' title="bbox 266 3099 1377 3176; baseline -0.001 -18"><span class='ocrx_word' id='word_1_280' title='bbox 266 3099 320 3158; x_wconf 80' lang='lat' dir='ltr'><strong>lib.</strong></span> <span class='ocrx_word' id='word_1_281' title='bbox 341 3103 381 3164; x_wconf 80' lang='lat'><strong>12</strong></span> <span class='ocrx_word' id='word_1_282' title='bbox 394 3100 432 3160; x_wconf 79' lang='lat' dir='ltr'><strong>de</strong></span> <span class='ocrx_word' id='word_1_283' title='bbox 449 3102 527 3161; x_wconf 83' lang='lat' dir='ltr'><strong>Gen.</strong></span> <span class='ocrx_word' id='word_1_284' title='bbox 543 3101 589 3162; x_wconf 87' lang='lat' dir='ltr'><strong>od</strong></span> <span class='ocrx_word' id='word_1_285' title='bbox 607 3101 654 3161; x_wconf 72' lang='lat' dir='ltr'><strong>lit.</strong></span> <span class='ocrx_word' id='word_1_286' title='bbox 678 3123 706 3160; x_wconf 83' lang='lat' dir='ltr'><strong>e.</strong></span> <span class='ocrx_word' id='word_1_287' title='bbox 722 3103 765 3166; x_wconf 81' lang='lat'><strong>27</strong></span> <span class='ocrx_word' id='word_1_288' title='bbox 784 3113 813 3159; x_wconf 82' lang='lat' dir='ltr'><strong>st</strong></span> <span class='ocrx_word' id='word_1_289' title='bbox 824 3103 882 3176; x_wconf 81' lang='lat'><strong>28,</strong></span> <span class='ocrx_word' id='word_1_290' title='bbox 906 3101 987 3162; x_wconf 83' lang='lat' dir='ltr'><strong>etde</strong></span> <span class='ocrx_word' id='word_1_291' title='bbox 1007 3103 1114 3163; x_wconf 62' lang='lat' dir='ltr'><strong>Triuia.</strong></span> <span class='ocrx_word' id='word_1_292' title='bbox 1134 3101 1187 3161; x_wconf 80' lang='lat' dir='ltr'><strong>lid.</strong></span> <span class='ocrx_word' id='word_1_293' title='bbox 1202 3105 1262 3165; x_wconf 74' lang='lat'><strong>20.</strong></span> <span class='ocrx_word' id='word_1_294' title='bbox 1285 3104 1325 3165; x_wconf 78' lang='lat'><strong>17</strong></span> <span class='ocrx_word' id='word_1_295' title='bbox 1343 3111 1377 3158; x_wconf 77' lang='lat' dir='ltr'><strong>et</strong></span> 
     </span>
     <span class='ocr_line' id='line_1_33' title="bbox 268 3181 1374 3268; baseline 0.003 -26"><span class='ocrx_word' id='word_1_296' title='bbox 268 3189 318 3259; x_wconf 84' lang='grc'><strong>18,</strong></span> <span class='ocrx_word' id='word_1_297' title='bbox 341 3187 395 3265; x_wconf 88' lang='lat' dir='ltr'><strong>qui</strong></span> <span class='ocrx_word' id='word_1_298' title='bbox 412 3198 531 3249; x_wconf 67' lang='lat' dir='ltr'><strong>sauuos</strong></span> <span class='ocrx_word' id='word_1_299' title='bbox 544 3190 625 3248; x_wconf 82' lang='lat' dir='ltr'><strong>viros</strong></span> <span class='ocrx_word' id='word_1_300' title='bbox 638 3198 667 3247; x_wconf 85' lang='lat' dir='ltr'><strong>et</strong></span> <span class='ocrx_word' id='word_1_301' title='bbox 680 3181 842 3268; x_wconf 87' lang='lat' dir='ltr'><strong>prophetas</strong></span> <span class='ocrx_word' id='word_1_302' title='bbox 853 3201 916 3246; x_wconf 89' lang='lat' dir='ltr'><strong>uon</strong></span> <span class='ocrx_word' id='word_1_303' title='bbox 932 3189 1062 3268; x_wconf 80' lang='lat' dir='ltr'><strong>eorporis</strong></span> <span class='ocrx_word' id='word_1_304' title='bbox 1077 3184 1133 3250; x_wconf 89' lang='lat' dir='ltr'><strong>aed</strong></span> <span class='ocrx_word' id='word_1_305' title='bbox 1146 3187 1252 3247; x_wconf 86' lang='lat' dir='ltr'><strong>mentis</strong></span> <span class='ocrx_word' id='word_1_306' title='bbox 1267 3185 1374 3260; x_wconf 80' lang='lat' dir='ltr'><strong>oculo,</strong></span> 
     </span>
     <span class='ocr_line' id='line_1_34' title="bbox 266 3269 1375 3354; baseline 0.004 -28"><span class='ocrx_word' id='word_1_307' title='bbox 266 3279 414 3348; x_wconf 88' lang='lat' dir='ltr'><strong>qnantum</strong></span> <span class='ocrx_word' id='word_1_308' title='bbox 432 3269 550 3330; x_wconf 85' lang='lat' dir='ltr'><strong>homini</strong></span> <span class='ocrx_word' id='word_1_309' title='bbox 566 3274 613 3332; x_wconf 82' lang='lat' dir='ltr'><strong>ias</strong></span> <span class='ocrx_word' id='word_1_310' title='bbox 626 3273 701 3349; x_wconf 83' lang='lat' dir='ltr'><strong>fuit,</strong></span> <span class='ocrx_word' id='word_1_311' title='bbox 731 3270 866 3333; x_wconf 83' lang='lat' dir='ltr'><strong>divinam</strong></span> <span class='ocrx_word' id='word_1_312' title='bbox 880 3275 1043 3334; x_wconf 85' lang='lat' dir='ltr'><strong>essentiam</strong></span> <span class='ocrx_word' id='word_1_313' title='bbox 1054 3275 1270 3354; x_wconf 86' lang='lat' dir='ltr'><strong>introspexisse</strong></span> <span class='ocrx_word' id='word_1_314' title='bbox 1284 3290 1375 3332; x_wconf 87' lang='lat' dir='ltr'><strong>asse-</strong></span> 
     </span>
     <span class='ocr_line' id='line_1_35' title="bbox 264 3364 358 3412; baseline -0.011 0"><span class='ocrx_word' id='word_1_315' title='bbox 264 3364 358 3412; x_wconf 84' lang='lat' dir='ltr'><strong>verat.</strong></span> 
     </span>
    </p>

    <p class='ocr_par' dir='ltr' id='par_1_10' title="bbox 350 3435 965 3524">
     <span class='ocr_line' id='line_1_36' title="bbox 350 3435 965 3524; baseline 0.013 -24"><span class='ocrx_word' id='word_1_316' title='bbox 350 3437 424 3506; x_wconf 77' lang='lat'><strong>481.</strong></span> <span class='ocrx_word' id='word_1_317' title='bbox 467 3435 588 3524; x_wconf 67' lang='grc' dir='ltr'><strong><em>αὐτοῖς]</em></strong></span> <span class='ocrx_word' id='word_1_318' title='bbox 610 3441 752 3502; x_wconf 80' lang='lat' dir='ltr'><strong>videlieet</strong></span> <span class='ocrx_word' id='word_1_319' title='bbox 764 3447 829 3520; x_wconf 71' lang='grc' dir='ltr'><strong>τοῖς</strong></span> <span class='ocrx_word' id='word_1_320' title='bbox 841 3441 965 3518; x_wconf 71' lang='grc' dir='ltr'><strong>τέκνοις.</strong></span> 
     </span>
    </p>

    <p class='ocr_par' dir='ltr' id='par_1_11' title="bbox 264 3521 1374 3670">
     <span class='ocr_line' id='line_1_37' title="bbox 348 3521 1374 3593; baseline 0.001 -5"><span class='ocrx_word' id='word_1_321' title='bbox 348 3525 422 3590; x_wconf 80' lang='grc'><strong>432.</strong></span> <span class='ocrx_word' id='word_1_322' title='bbox 467 3526 504 3586; x_wconf 88' lang='lat' dir='ltr'><strong>de</strong></span> <span class='ocrx_word' id='word_1_323' title='bbox 520 3528 618 3588; x_wconf 79' lang='lat' dir='ltr'><strong>forma</strong></span> <span class='ocrx_word' id='word_1_324' title='bbox 634 3530 767 3588; x_wconf 79' lang='lat' dir='ltr'><strong>Heraclii</strong></span> <span class='ocrx_word' id='word_1_325' title='bbox 791 3529 893 3590; x_wconf 85' lang='lat' dir='ltr'><strong>ooufer</strong></span> <span class='ocrx_word' id='word_1_326' title='bbox 911 3547 1033 3590; x_wconf 76' lang='lat' dir='ltr'><strong>versum</strong></span> <span class='ocrx_word' id='word_1_327' title='bbox 1050 3529 1092 3593; x_wconf 84' lang='lat'><strong>99</strong></span> <span class='ocrx_word' id='word_1_328' title='bbox 1116 3521 1242 3588; x_wconf 87' lang='lat' dir='ltr'><strong>huiusos</strong></span> <span class='ocrx_word' id='word_1_329' title='bbox 1257 3527 1374 3589; x_wconf 74' lang='lat' dir='ltr'><strong>suos-</strong></span> 
     </span>
     <span class='ocr_line' id='line_1_38' title="bbox 264 3629 342 3670; baseline -0.038 0"><span class='ocrx_word' id='word_1_330' title='bbox 264 3629 342 3670; x_wconf 87' lang='lat' dir='ltr'><strong>seoa.</strong></span> 
     </span>
    </p>

    <p class='ocr_par' dir='ltr' id='par_1_12' title="bbox 349 3693 1241 3781">
     <span class='ocr_line' id='line_1_39' title="bbox 349 3693 1241 3781; baseline 0.001 -24"><span class='ocrx_word' id='word_1_331' title='bbox 349 3693 422 3760; x_wconf 75' lang='lat'><strong>488.</strong></span> <span class='ocrx_word' id='word_1_332' title='bbox 466 3695 574 3758; x_wconf 86' lang='lat' dir='ltr'><strong>alludit</strong></span> <span class='ocrx_word' id='word_1_333' title='bbox 588 3696 628 3758; x_wconf 87' lang='lat' dir='ltr'><strong>ad</strong></span> <span class='ocrx_word' id='word_1_334' title='bbox 642 3719 755 3781; x_wconf 88' lang='lat' dir='ltr'><strong>equum</strong></span> <span class='ocrx_word' id='word_1_335' title='bbox 770 3699 854 3776; x_wconf 87' lang='lat' dir='ltr'><strong>solis,</strong></span> <span class='ocrx_word' id='word_1_336' title='bbox 876 3696 989 3780; x_wconf 86' lang='lat' dir='ltr'><strong>dequo</strong></span> <span class='ocrx_word' id='word_1_337' title='bbox 1004 3698 1135 3757; x_wconf 69' lang='lat' dir='ltr'><strong>Aemus.</strong></span> <span class='ocrx_word' id='word_1_338' title='bbox 1155 3701 1170 3761; x_wconf 89' lang='lat'><strong>1</strong></span> <span class='ocrx_word' id='word_1_339' title='bbox 1187 3699 1241 3762; x_wconf 77' lang='lat'><strong>23.</strong></span> 
     </span>
    </p>

    <p class='ocr_par' dir='ltr' id='par_1_13' title="bbox 263 3777 1373 4120">
     <span class='ocr_line' id='line_1_40' title="bbox 348 3777 1373 3867; baseline 0.003 -24"><span class='ocrx_word' id='word_1_340' title='bbox 348 3777 423 3845; x_wconf 78' lang='lat'><strong>439.</strong></span> <span class='ocrx_word' id='word_1_341' title='bbox 467 3782 607 3865; x_wconf 66' lang='grc' dir='ltr'><strong>σέβοντες</strong></span> <span class='ocrx_word' id='word_1_342' title='bbox 618 3805 673 3865; x_wconf 92' lang='lat' dir='ltr'><strong>pro</strong></span> <span class='ocrx_word' id='word_1_343' title='bbox 687 3777 855 3867; x_wconf 81' lang='grc' dir='ltr'><strong><em>σεβόντων,</em></strong></span> <span class='ocrx_word' id='word_1_344' title='bbox 885 3785 1000 3844; x_wconf 84' lang='lat' dir='ltr'><strong>soilioet</strong></span> <span class='ocrx_word' id='word_1_345' title='bbox 1022 3783 1053 3847; x_wconf 73' lang='lat' dir='ltr'><strong>oi</strong></span> <span class='ocrx_word' id='word_1_346' title='bbox 1074 3781 1199 3863; x_wconf 74' lang='grc' dir='ltr'><strong>σέβουσι</strong></span> <span class='ocrx_word' id='word_1_347' title='bbox 1218 3777 1294 3864; x_wconf 69' lang='grc' dir='ltr'><strong>μετὰ</strong></span> <span class='ocrx_word' id='word_1_348' title='bbox 1312 3804 1373 3864; x_wconf 68' lang='lat' dir='ltr'><strong>zas-</strong></span> 
     </span>
     <span class='ocr_line' id='line_1_41' title="bbox 264 3859 1371 3950; baseline -0.001 -23"><span class='ocrx_word' id='word_1_349' title='bbox 264 3867 328 3946; x_wconf 70' lang='grc' dir='ltr'><strong>ρῶν</strong></span> <span class='ocrx_word' id='word_1_350' title='bbox 342 3859 459 3947; x_wconf 64' lang='lat' dir='ltr'><strong>dardeis</strong></span> <span class='ocrx_word' id='word_1_351' title='bbox 469 3867 667 3949; x_wconf 69' lang='lat' dir='ltr'><strong>afuiopivuv.</strong></span> <span class='ocrx_word' id='word_1_352' title='bbox 688 3871 796 3931; x_wconf 84' lang='lat' dir='ltr'><strong>Persas</strong></span> <span class='ocrx_word' id='word_1_353' title='bbox 813 3873 855 3930; x_wconf 85' lang='lat' dir='ltr'><strong>ita</strong></span> <span class='ocrx_word' id='word_1_354' title='bbox 867 3879 1071 3950; x_wconf 85' lang='lat' dir='ltr'><strong>repraesentat</strong></span> <span class='ocrx_word' id='word_1_355' title='bbox 1083 3865 1237 3928; x_wconf 88' lang='lat' dir='ltr'><strong>inoondite</strong></span> <span class='ocrx_word' id='word_1_356' title='bbox 1252 3867 1371 3927; x_wconf 79' lang='lat' dir='ltr'><strong>iaetan-</strong></span> 
     </span>
     <span class='ocr_line' id='line_1_42' title="bbox 263 3949 1371 4036; baseline 0.005 -29"><span class='ocrx_word' id='word_1_357' title='bbox 263 3961 309 4008; x_wconf 87' lang='lat' dir='ltr'><strong>tes</strong></span> <span class='ocrx_word' id='word_1_358' title='bbox 325 3950 543 4036; x_wconf 85' lang='lat' dir='ltr'><strong>tendentesque</strong></span> <span class='ocrx_word' id='word_1_359' title='bbox 559 3953 600 4014; x_wconf 85' lang='lat' dir='ltr'><strong>ad</strong></span> <span class='ocrx_word' id='word_1_360' title='bbox 610 3957 729 4014; x_wconf 79' lang='lat' dir='ltr'><strong>eaelum</strong></span> <span class='ocrx_word' id='word_1_361' title='bbox 740 3973 864 4031; x_wconf 85' lang='lat' dir='ltr'><strong>manus,</strong></span> <span class='ocrx_word' id='word_1_362' title='bbox 887 3967 922 4014; x_wconf 89' lang='lat' dir='ltr'><strong>ut</strong></span> <span class='ocrx_word' id='word_1_363' title='bbox 941 3963 1073 4035; x_wconf 86' lang='lat' dir='ltr'><strong>opponat</strong></span> <span class='ocrx_word' id='word_1_364' title='bbox 1091 3949 1286 4028; x_wconf 78' lang='lat' dir='ltr'><strong>Christianis,</strong></span> <span class='ocrx_word' id='word_1_365' title='bbox 1315 3953 1371 4032; x_wconf 76' lang='lat' dir='ltr'><strong>qui</strong></span> 
     </span>
     <span class='ocr_line' id='line_1_43' title="bbox 265 4037 1371 4120; baseline 0.005 -31"><span class='ocrx_word' id='word_1_366' title='bbox 265 4037 404 4097; x_wconf 86' lang='lat' dir='ltr'><strong>manibus</strong></span> <span class='ocrx_word' id='word_1_367' title='bbox 421 4058 512 4118; x_wconf 87' lang='lat' dir='ltr'><strong>supra</strong></span> <span class='ocrx_word' id='word_1_368' title='bbox 523 4051 628 4120; x_wconf 85' lang='lat' dir='ltr'><strong>peotus</strong></span> <span class='ocrx_word' id='word_1_369' title='bbox 646 4043 680 4098; x_wconf 91' lang='lat' dir='ltr'><strong>in</strong></span> <span class='ocrx_word' id='word_1_370' title='bbox 697 4041 830 4100; x_wconf 84' lang='lat' dir='ltr'><strong>formam</strong></span> <span class='ocrx_word' id='word_1_371' title='bbox 849 4041 946 4100; x_wconf 89' lang='lat' dir='ltr'><strong>oruois</strong></span> <span class='ocrx_word' id='word_1_372' title='bbox 960 4037 1079 4100; x_wconf 83' lang='lat' dir='ltr'><strong>modios</strong></span> <span class='ocrx_word' id='word_1_373' title='bbox 1093 4041 1256 4120; x_wconf 87' lang='lat' dir='ltr'><strong>expansis,</strong></span> <span class='ocrx_word' id='word_1_374' title='bbox 1283 4047 1317 4096; x_wconf 87' lang='lat' dir='ltr'><strong>nt</strong></span> <span class='ocrx_word' id='word_1_375' title='bbox 1331 4037 1371 4094; x_wconf 87' lang='lat' dir='ltr'><strong>in</strong></span> 
     </span>
    </p>
   </div>
   <div class='ocr_carea' id='block_1_9' title="bbox 263 4118 1501 4370">
    <p class='ocr_par' dir='ltr' id='par_1_14' title="bbox 263 4118 1501 4370">
     <span class='ocr_line' id='line_1_44' title="bbox 263 4118 1293 4206; baseline 0.007 -32"><span class='ocrx_word' id='word_1_376' title='bbox 263 4118 368 4178; x_wconf 86' lang='lat' dir='ltr'><strong>multis</strong></span> <span class='ocrx_word' id='word_1_377' title='bbox 381 4126 513 4206; x_wconf 84' lang='lat' dir='ltr'><strong>antiquis</strong></span> <span class='ocrx_word' id='word_1_378' title='bbox 527 4129 731 4186; x_wconf 84' lang='lat' dir='ltr'><strong>monumentis</strong></span> <span class='ocrx_word' id='word_1_379' title='bbox 744 4125 848 4188; x_wconf 81' lang='lat' dir='ltr'><strong>videre</strong></span> <span class='ocrx_word' id='word_1_380' title='bbox 862 4138 918 4204; x_wconf 83' lang='lat' dir='ltr'><strong>est,</strong></span> <span class='ocrx_word' id='word_1_381' title='bbox 940 4123 1033 4184; x_wconf 85' lang='lat' dir='ltr'><strong>deum</strong></span> <span class='ocrx_word' id='word_1_382' title='bbox 1043 4121 1293 4204; x_wconf 78' lang='lat' dir='ltr'><strong>depredabantur.</strong></span> 
     </span>
     <span class='ocr_line' id='line_1_45' title="bbox 264 4203 1374 4301; baseline 0.002 -35"><span class='ocrx_word' id='word_1_383' title='bbox 264 4283 273 4299; x_wconf 46' lang='lat'><strong>·</strong></span> <span class='ocrx_word' id='word_1_384' title='bbox 330 4203 422 4301; x_wconf 74' lang='lat'><strong>‚⁴⁵¹·</strong></span> <span class='ocrx_word' id='word_1_385' title='bbox 464 4211 624 4272; x_wconf 83' lang='lat' dir='ltr'><strong>Persarum</strong></span> <span class='ocrx_word' id='word_1_386' title='bbox 641 4210 811 4272; x_wconf 87' lang='lat' dir='ltr'><strong>sooordiam</strong></span> <span class='ocrx_word' id='word_1_387' title='bbox 826 4223 926 4288; x_wconf 79' lang='lat' dir='ltr'><strong>taxat,</strong></span> <span class='ocrx_word' id='word_1_388' title='bbox 954 4229 1031 4293; x_wconf 89' lang='lat' dir='ltr'><strong>quos</strong></span> <span class='ocrx_word' id='word_1_389' title='bbox 1050 4207 1162 4292; x_wconf 83' lang='lat' dir='ltr'><strong>ubique</strong></span> <span class='ocrx_word' id='word_1_390' title='bbox 1181 4229 1245 4268; x_wconf 89' lang='lat' dir='ltr'><strong>nou</strong></span> <span class='ocrx_word' id='word_1_391' title='bbox 1266 4208 1374 4268; x_wconf 84' lang='lat' dir='ltr'><strong>minus</strong></span> 
     </span>
     <span class='ocr_line' id='line_1_46' title="bbox 263 4293 1501 4370; baseline 0.002 -18"><span class='ocrx_word' id='word_1_392' title='bbox 263 4298 373 4364; x_wconf 65' lang='lat' dir='ltr'><strong>tmpus</strong></span> <span class='ocrx_word' id='word_1_393' title='bbox 387 4309 480 4370; x_wconf 86' lang='lat' dir='ltr'><strong>quam</strong></span> <span class='ocrx_word' id='word_1_394' title='bbox 495 4295 664 4358; x_wconf 75' lang='lat' dir='ltr'><strong>silesiaoit.</strong></span> <span class='ocrx_word' id='word_1_395' title='bbox 708 4309 841 4360; x_wconf 81' lang='lat' dir='ltr'><strong>aeterum</strong></span> <span class='ocrx_word' id='word_1_396' title='bbox 857 4299 890 4358; x_wconf 89' lang='lat' dir='ltr'><strong>in</strong></span> <span class='ocrx_word' id='word_1_397' title='bbox 911 4295 994 4359; x_wconf 84' lang='lat' dir='ltr'><strong>hisae</strong></span> <span class='ocrx_word' id='word_1_398' title='bbox 1015 4293 1130 4358; x_wconf 80' lang='lat' dir='ltr'><strong>idtimis</strong></span> <span class='ocrx_word' id='word_1_399' title='bbox 1146 4295 1373 4356; x_wconf 74' lang='lat' dir='ltr'><strong>uersiouiisiu-</strong></span> <span class='ocrx_word' id='word_1_400' title='bbox 1500 4317 1501 4320; x_wconf 43' lang='lat'>¹</span> 
     </span>
    </p>
   </div>
   <div class='ocr_carea' id='block_1_10' title="bbox 311 4449 380 4500">
    <p class='ocr_par' dir='ltr' id='par_1_15' title="bbox 311 4449 380 4500">
     <span class='ocr_line' id='line_1_47' title="bbox 311 4449 380 4500; baseline 0 0"><span class='ocrx_word' id='word_1_401' title='bbox 311 4449 380 4500; x_wconf 60' lang='lat'><strong>‘0</strong></span> 
     </span>
    </p>
   </div>
   <div class='ocr_carea' id='block_1_11' title="bbox 0 0 1514 4817">
    <p class='ocr_par' dir='ltr' id='par_1_16' title="bbox 0 0 1514 4817">
     <span class='ocr_line' id='line_1_48' title="bbox 0 0 1514 4817; baseline 0 3"><span class='ocrx_word' id='word_1_402' title='bbox 0 0 1514 4817; x_wconf 95' lang='lat' dir='ltr'><strong> </strong></span> 
     </span>
    </p>
   </div>
  </div>
 </body>
</html>
