3017 4817
413 313 646 386 NlCEPHORI
669 313 979 386 ruatmmtwtt
1170 316 1241 388 133

228 479 299 566 περὶ
320 472 360 545 οὗ
380 477 433 545 καλ
452 477 471 544 δ
490 485 578 554 δαῖος
596 474 777 564 Νικηφάρος
794 477 979 564 πατριάρχης
993 485 1244 546 Κωνστανιινοα-
1259 484 1282 538 P
1299 485 1335 540 86

144 562 262 642 πόλεως
273 561 375 631 τοιάδε
387 567 497 648 φησλν·
527 559 677 649 “Zorsini
695 568 728 631 til
748 590 818 630 τινα
836 564 920 653 παρά
938 571 1004 643 τοῖς
1026 561 1246 649 Χρεστομάχαις

144 657 370 734 πιριθρυλεῖται
392 647 469 734 άπερ
493 645 598 726 αδτοῖς
625 647 723 718 riensi
746 648 884 731 ψεύδους
910 649 1010 734 πατήρ
1040 649 1246 732 ἔμπνεάσειεν,

145 737 220 820 φέρε
239 737 292 801 καλ
310 740 406 801 ταῦτα
423 732 669 817 διασκεψώμεθα.
710 732 954 814 καταψεύδονται
973 733 1032 822 γάρ
1052 733 1104 800 διά
1124 733 1181 816 την
1201 738 1247 812 ελς

118 819 279 904 σΧριστδν
298 822 352 884 ιιαλ
370 817 427 902 τήν
448 821 609 902 ἐκκλησίαν
628 816 728 886 «virosi
744 818 838 906 άβριν
858 815 988 904 γράνοος
1012 823 1174 903 μηκίστους
1191 821 1246 885 eoi

141 905 390 988 παρατεταμένην
413 904 495 988 ζωήν
511 906 564 970 καλ
583 908 656 988 βίον
671 902 796 990 mooun·
809 912 1016 990 μεμετρῆσθαι
1029 911 1073 991 τᾷ
1086 911 1245 989 Μαμωνά,

141 991 196 1055 καλ
219 986 380 1074 εάημερλας
401 993 445 1066 εἰς
465 988 561 1075 άκρον
579 988 684 1057 ἐλάσαι
690 1035 699 1069 ,
722 993 811 1067 νλιιας
828 1015 861 1058 τε
880 989 958 1058 κατά
963 988 1140 1100 γλαρβάρων
1162 987 1248 1079 αάτρλ

142 1075 198 1140 καλ
214 1070 476 1160 άνδραγαθήματα
498 1076 541 1153 τδς
560 1082 682 1142 πλεῖστα
699 1073 936 1162 ἐπιγράφονται,
957 1103 978 1141 α
1001 1083 1066 1150 τοῖς
1086 1072 1245 1160 σάφροσιν

144 1155 218 1224 otii
240 1162 284 1236 εἰς
304 1155 453 1244 άιιρόασιν
471 1161 610 1244 ἔργεσθαι
623 1165 751 1228 δλκαιον,
796 1161 839 1238 τάς
856 1158 889 1229 t'
904 1158 946 1227 άν
957 1153 1020 1226 ’τάν
1031 1161 1244 1244 άπλοαστέριιν
1260 1169 1285 1223 Β

98 1241 166 1326 1οἢ
189 1241 403 1327 &patentque
420 1243 505 1321 τινάς
527 1253 592 1321 τοῖς
612 1247 646 1312 ἐκ
664 1251 720 1322 τῆς
739 1240 859 1327 άπάιης
881 1241 1090 1329 άναπλασμοῖς
1105 1244 1148 1330 μὴ
1168 1242 1244 1329 βλά-

141 1353 261 1407 πτοιεν,
280 1326 408 1406 τοάτοος
424 1324 653 1406 άπεοθάνοντες
666 1330 793 1394 ἕκαστον
806 1333 918 1407 δεινοῖς
931 1327 1032 1412 λόγοις
1046 1330 1171 1407 ἑαυτοδς
1184 1355 1245 1412 pa·

142 1417 320 1490 νακλζοντας
345 1410 566 1496 άποφαλνωμεν
588 1421 653 1491 τοῖς
680 1411 911 1498 ματαιόφροσιν.
952 1409 998 1482 λιι
1025 1413 1082 1498 pio
1102 1414 1161 1500 γάρ
1184 1410 1244 1482 σάν

140 1499 260 1565 λιιελνον
281 1503 347 1564 πάν
367 1496 492 1610 ιλσηρδν
511 1499 630 1582 γέγονε,
651 1495 809 1581 βδελνκτός
826 1523 858 1564 τι
875 1504 944 1586 δεηῖ
962 1499 1015 1564 καλ
1036 1495 1174 1584 άγγέλοις
1190 1502 1244 1566 καλ

142 1579 321 1666 άνδράιιοις
333 1591 398 1660 τοῖς
412 1585 566 1666 evurtium
578 1583 729 1668 άπῆρχεν,
752 1581 811 1650 orie
822 1579 1008 1668 nievppovio·
1048 1586 1102 1650 καλ
1119 1582 1178 1668 γάρ
1199 1588 1244 1662 εἰς

98 1681 134 1738 15
142 1666 180 1733 τά
203 1673 258 1750 τῆς
282 1666 391 1753 σαρκὸς
413 1667 504 1752 πάθη
530 1665 788 1752 κατασαράμενος,
819 1671 870 1735 καλ
896 1678 962 1746 τοῖς
985 1664 1244 1756 άπηγορεομένοις

141 1751 310 1837 βαρβάροις
329 1754 380 1817 καλ
391 1747 516 1836 Ἕλλησι
529 1759 617 1837 σαῑμα
632 1754 684 1818 καλ
697 1751 804 1837 ψυχὴν
818 1754 838 1821 δ
850 1757 981 1832 δείλαιος
993 1752 1243 1838 ἔμμολννάμενος,

142 1835 199 1918 την
210 1843 273 1904 τοῖν
286 1834 404 1922 άλάγων
417 1835 504 1926 ζῴων
516 1836 672 1920 παρήλασε
681 1841 864 1921 κτηνωδλοιν.
905 1840 958 1905 καλ
971 1846 1066 1904 ταῦτα
1077 1838 1136 1905 orie
1146 1836 1243 1926 άλλγοι

141 1929 204 1987 τοῖν
224 1925 495 2008 παραιτησαμένων
513 1921 599 2011 πάτρι’
609 1926 695 2008 μέχρι
706 1928 796 2009 δεῦρο
810 1919 966 2007 περιόντες
978 1925 1243 2010 λπαγγελλάτωσαν.
1260 1931 1286 1985 c

143 2004 219 2090 μεθ’
231 2003 277 2073 oio
290 2009 342 2073 καλ
353 2002 446 2073 vitta
461 2008 506 2074 δι’
520 2006 542 2072 δι’
556 2008 626 2092 περλ
640 2009 673 2076 τδ
687 2013 774 2094 σάμα
791 2005 878 2120 αάτρῖ
893 2006 1092 2093 κατήντησαν.
1134 2007 1245 2088 πόνοις

95 2089 200 2175 κογάρ
219 2094 271 2156 καλ
293 2088 457 2176 άλγηδόσιν
473 2089 634 2178 άρρήτοις,
657 2089 707 2161 οἶα
719 2091 882 2171 ελκδςτονς
895 2095 1096 2178 εἱλκωμδνοος
1108 2091 1246 2178 πάσχειν,

142 2172 327 2261 βαλλόμενος
341 2175 484 2261 πονήρως
503 2178 582 2262 άγαν
604 2179 657 2243 καλ
679 2176 851 2261 άνηκλστως
872 2180 1015 2259 διέκειτο,
1036 2183 1089 2244 καλ
1102 2205 1171 2246 τινα
1182 2187 1246 2246 τῶν

141 2269 242 2346 μελῶν
265 2259 328 2328 sisto*
351 2267 407 2344 τῆς
430 2260 583 2340 ἒλκάσεως
603 2263 657 2328 καλ
683 2260 876 2348 διαβράσεως
903 2260 1137 2348 άπερροηκάτων
1162 2261 1248 2352 αάτηῖ

141 2350 280 2425 ἐλεεινάς
299 2341 509 2432 κατετράχετο,
531 2347 724 2454 σννιγάστατα
739 2349 774 2415 δὲ
786 2347 850 2416 άπδ
864 2354 927 2415 τοῖν
940 2345 1088 2434 Ἐρινύων
1105 2351 1246 2433 ἐκδειμα-

141 2429 289 2512 τοάμενος
308 2437 423 2518 πικράς
443 2457 475 2498 τε
495 2434 547 2498 καλ
569 2431 694 2512 άαπνως
712 2427 861 2511 πολλάκις
877 2433 932 2500 τδν
948 2432 1126 2514 νυκτερινάν
1141 2433 1246 2520 καιρδν

95 2515 278 2600 &irrisore
318 2520 476 2602 παρείσθω
491 2516 529 2584 τά
542 2523 602 2585 νῦν
611 2519 708 2604 λέγειν
723 2518 758 2586 ro*
776 2525 831 2603 τῆς
847 2522 965 2602 διαίτης
978 2515 1070 2603 άηδὲς
1082 2543 1114 2584 τε
1125 2521 1178 2586 καλ
1195 2523 1246 2587 αλ·

209 2630 391 2704 Ίεάημερλοι
407 2634 496 2706 volgo.
602 2637 636 2692 18
652 2633 925 2706 σειδιαιτησαμένοι
940 2636 1080 2693 Ροειιίοε.

210 2755 244 2808 de
269 2771 322 2824 quo
347 2763 375 2808 et
397 2755 502 2808 divinus
524 2753 693 2876 Nicephorus
718 2753 870 2825 patriarcba
894 2753 1050 2824 cpolitanus
1070 2753 1109 2808 ita
1126 2751 1244 2836 loquitur

141 2817 286 2892 “quoniam
310 2841 375 2876 vero
399 2826 434 2877 ab
461 2823 573 2876 inimicis

140 2893 224 2947 tentis
238 2893 346 2960 afflatu,
364 2909 415 2961 age
430 2909 496 2946 vero
510 2891 654 2946 cuiusmodi
668 2891 722 2945 sint
735 2911 769 2946 ea
780 2893 985 2946 oonsideremus.
1019 2909 1080 2944 nam
1093 2893 1127 2945 ad
1141 2892 1243 2944 (ἒπειτα

139 2961 240 3015 domini
263 2959 442 3030 ecclesiaeque
466 2961 647 3014 contumeliam
669 2961 775 3014 mentiri
799 2961 853 3014 ista
877 2959 976 3028 solent,
1004 2961 1144 3015 diuturnae
1169 2959 1242 3012 vitoe

140 3031 229 3100 spatia
242 3046 300 3083 oum
317 3029 435 3083 maximis
453 3029 632 3098 voluptatibus
647 3029 762 3098 pessimo
778 3029 841 3083 buio
853 3029 1017 3082 Mammonae
1030 3047 1090 3082 esse
1104 3045 1240 3096 οοαοιεεε,

140 3101 302 3168 eundemque
316 3099 452 3152 felicitatis
469 3114 569 3152 somme
583 3098 736 3168 contigisse.
772 3098 822 3153 sed
837 3107 865 3152 et
879 3098 997 3166 insignes
1011 3099 1045 3152 de
1061 3098 1183 3151 barbaris
1196 3098 1239 3150 ri-

139 3170 251 3236 etorias,
269 3175 297 3221 et
316 3167 425 3238 egregie
441 3167 523 3221 multa
538 3167 657 3220 facinora
673 3168 809 3236 tribuunt,
826 3185 895 3238 quae
911 3185 946 3220 ne
962 3167 1054 3220 auditu
1069 3166 1175 3234 quidem
1191 3185 1241 3238 per

141 3245 184 3290 est
209 3239 357 3291 admittere.
395 3237 444 3291 sed
466 3255 501 3290 ne
525 3235 733 3306 imperitioribus
757 3237 916 3305 minimeque
938 3234 1013 3288 malis
1036 3234 1184 3289 bominibus
1209 3254 1242 3292 eu

139 3307 277 3359 mendacia
299 3305 386 3358 fraudi
408 3307 474 3374 sint,
500 3306 676 3375 redarguendi
698 3303 737 3358 iili
758 3306 836 3360 nobis
859 3313 950 3374 erunt,
977 3311 1008 3357 ut
1028 3313 1192 3387 quantopere
1211 3324 1242 3358 se

139 3375 194 3444 ipsi
215 3373 393 3456 inanibpebis
406 3376 570 3458 sermonibus
592 3375 760 3430 ludificentur
775 3373 934 3456 intelligent.
968 3371 1051 3440 igitur
1066 3390 1161 3456 omma.
1171 3373 1242 3457 illius

139 3445 733 3582 ilitiilllltilloiilttit
747 3442 916 3567 ii‘mdiuf‘
931 3441 1068 3564 liniti
1082 3443 1242 3564 iiiiii:

137 3581 275 3634 libidinum
292 3595 391 3650 genere
408 3579 553 3648 volutaret,
569 3581 656 3650 iisque
672 3598 769 3650 oorpus
785 3598 861 3636 suum
881 3587 910 3636 et
925 3581 1038 3634 animum
1054 3586 1243 3648 oonsporeeret

139 3667 209 3720 quse
227 3658 280 3703 tam
297 3647 417 3702 barbaris
434 3665 510 3717 quam
524 3649 665 3717 gentilibus
681 3657 744 3703 suot
758 3650 856 3719 vetita,
872 3650 953 3719 louge
965 3647 1080 3718 pecudes
1095 3647 1167 3718 ipsas
1181 3648 1240 3700 loe-

139 3719 225 3772 ditete
241 3717 385 3788 superavit.
421 3727 502 3786 atquo
518 3717 585 3770 baeu
605 3735 658 3770 non
674 3718 752 3788 pauci
767 3719 814 3789 qui
831 3735 889 3772 oum
912 3736 945 3772 eo
961 3716 1086 3770 vixerunt
1102 3724 1131 3769 et
1147 3717 1240 3770 bodie-

139 3805 192 3857 que
210 3795 351 3856 supersunt
369 3785 507 3840 teetificari
524 3792 664 3856 poterunt3
681 3805 731 3841 neo
747 3805 800 3841 non
812 3795 842 3842 et
857 3786 934 3841 varie
947 3785 1068 3868 corporis
1079 3784 1242 3838 incommoda

141 3857 237 3926 quibus
256 3857 326 3910 idem
342 3855 394 3909 luit
411 3855 549 3910 obnoxius.
585 3854 718 3910 doloribus
744 3856 814 3910 enim
836 3873 868 3910 ae
888 3855 1063 3922 meatibus,
1090 3853 1136 3924 qui
1155 3854 1241 3924 expli-

141 3926 198 3979 cari
212 3925 324 3978 dicendo
341 3933 489 3994 nequeunt,
512 3925 728 3993 excarnificatus,
752 3923 897 3980 cuiusmodi
913 3922 1034 3977 uloerosa
1050 3939 1161 3992 corpora
1177 3939 1240 3992 per-

141 3993 198 4064 peti
211 4001 412 4049 oonsentaneum
426 4003 476 4061 est,
490 3995 604 4076 pessime
617 4011 648 4049 ao
662 3995 722 4048 siue
733 3993 786 4048 uilo
798 3992 916 4047 remedio
930 3999 990 4046 erat
1002 3993 1123 4045 allectus.
1159 4007 1241 4061 quare

141 4063 264 4118 nonnullo
286 4064 400 4118 membra
424 4063 554 4117 ulceribus
572 4063 653 4116 adesa
673 4083 704 4118 ec
722 4069 877 4146 oonsumpta
898 4077 956 4114 oum
973 4059 1132 4114 intolerabili
1149 4059 1240 4113 dolore

140 4132 306 4187 diffluebant.
340 4133 387 4186 sed
411 4139 438 4186 et
460 4141 587 4202 perpetuo
609 4132 774 4205 intemperiis
791 4138 906 4201 agitatus
921 4129 1073 4202 plerumque
1088 4139 1179 4182 noctes
1187 4128 1238 4212 'in-

138 4217 242 4257 eorunes
261 4220 293 4257 ao
309 4201 503 4258 molestissimas
519 4203 640 4258 duoebat.
677 4203 769 4259 omitto
785 4201 873 4258 vietus
890 4199 1061 4258 acerbitatem
1075 4215 1107 4254 ιτ
1123 4206 1238 4269 turpitu-

615 2823 692 2876 bristi
710 2824 832 2878 nonnulla
848 2825 980 2877 iactantur
995 2841 1029 2878 ex
1044 2823 1174 2878 mendacii
1192 2839 1242 2906 pa:
