3017 4817
461 293 507 362 m
531 294 704 362 amnon
728 295 956 366 svmmmt.
1183 297 1257 392 v127

152 479 207 520 suo
222 478 312 520 cursu
321 459 450 519 Romani
462 461 584 541 inperii
598 456 673 522 lines
688 457 729 518 ad
745 463 1021 541 septemtrionalem
1038 470 1156 543 partem
1168 463 1256 526 ride-

149 545 240 604 batur
257 543 433 606 describere.

237 628 290 696 84.
334 650 404 689 cum
414 626 518 689 Pisida
534 631 612 690 bens
627 630 815 690 observasset
829 635 940 690 Istrum
952 633 1045 691 fuisse
1061 631 1128 690 lere
1139 635 1257 711 praesi-

153 712 239 774 dium
252 727 282 774 et
293 716 553 796 propugnaculrnn
566 727 668 776 contra
679 717 830 792 barbaros,
854 715 1006 798 quomodo
1019 717 1134 776 Abares
1146 717 1258 778 flumen

153 803 339 877 transierint,
370 799 448 859 mihi
462 799 582 860 ridetur
593 800 738 860 indicare.
782 801 941 883 equidem,
973 813 1007 862 ut
1020 823 1061 861 ex
1075 805 1140 862 eius
1158 805 1259 863 verbis

154 888 298 962 coniicio,
329 883 440 945 hiemis
456 897 591 966 tempore
606 885 639 946 id
658 887 772 946 factum
789 907 853 948 esse
866 908 988 965 censeo,
1019 907 1088 946 cum
1101 890 1267 952 Danubius.

154 972 226 1048 gelu
241 973 504 1050 constringeretur.
540 973 584 1031 ita
597 992 670 1032 sane
683 983 818 1052 tempore
830 971 968 1048 Arcadii,
989 971 1029 1032 ad
1042 971 1124 1055 quod
1138 984 1259 1055 tempus

153 1057 280 1116 fortasse
301 1059 422 1136 respicit
438 1054 560 1132 Pisida,
582 1060 718 1117 evenisse
738 1057 831 1116 tradit
850 1058 1069 1138 Philostorgius
1084 1057 1137 1117 lib.
1156 1061 1195 1124 11
1219 1063 1258 1123 8:

154 1137 203 1206 ὅτι
224 1145 286 1203 τῶν
307 1137 450 1217 Οὕννων,
471 1161 583 1222 φησιν,
605 1143 637 1206 oi
656 1139 712 1223 piu
732 1147 789 1222 τῆς
809 1140 890 1218 ίντὸς
905 1139 1023 1227 Ἴστρον
1042 1145 1183 1218 Σκυθίας
1201 1141 1261 1225 τήν

153 1221 271 1306 moliris
286 1223 500 1307 χειρωσάμενοι
517 1225 570 1290 καί
584 1227 819 1308 διαφθείραντες
832 1224 991 1310 πρότερον,
1013 1229 1114 1292 ἔπειτα
1128 1228 1261 1312 τταγίντα

153 1305 209 1373 τίν
219 1306 358 1392 ποταμίν
371 1305 542 1392 διαβάντες,
564 1306 691 1392 diodor
706 1312 751 1388 τίς
766 1308 825 1394 τήν
838 1307 964 1394 Ῥαίμην
979 1307 1186 1418 straticum,
1208 1313 1260 1378 καί

154 1390 232 1458 sard
252 1400 356 1459 πᾶσαν
378 1390 581 1476 inquilinae
602 1393 658 1478 triv
679 1391 806 1483 Θρᾴκην
826 1391 900 1476 ’ὅλην
922 1395 979 1478 τήν
999 1394 1156 1480 Erucium
1179 1399 1261 1480 ἐληΐ-

156 1499 259 1544 οαντο.
301 1501 337 1540 ac
357 1483 450 1542 simili
467 1502 588 1562 prorsus
608 1484 725 1542 ratione
746 1503 779 1542 se
799 1484 832 1540 in
849 1485 1004 1563 Europam
1018 1494 1188 1562 penetrasse
1202 1487 1260 1564 ipsi

155 1566 272 1624 Abares
291 1567 458 1644 gloriantur
478 1566 560 1647 apud
580 1569 746 1648 Corippum
766 1566 818 1626 lib.
837 1574 869 1634 3.
912 1565 985 1628 hinc
998 1567 1120 1644 Pisida,
1143 1572 1259 1649 opinor,

155 1651 330 1710 Danubium
346 1655 448 1732 ipsum
459 1655 577 1734 poetice
589 1651 791 1733 reprehendit,
814 1651 898 1733 quod
912 1646 1042 1738 οίγροίφῳ
1055 1655 1165 1734 κρίσει,
1187 1675 1260 1714 oon-

100 1801 108 1811 „
157 1746 205 1793 tro
221 1735 257 1794 id
266 1737 349 1816 ραοτί
364 1739 605 1808 narrantium,
626 1740 771 1798 terminos
790 1757 867 1820 quos
880 1759 936 1798 suo
951 1739 1037 1798 alveo
1055 1737 1190 1803 dividere
1203 1739 1260 1798 de-

156 1821 281 1897 buisset,
302 1823 375 1902 gelu
390 1820 552 1881 obduratus
568 1824 768 1898 coniunxerit,
789 1819 862 1899 τοτίς
874 1817 964 1906 ὅρους
979 1819 1120 1904 ἐπήξατο.

241 1910 294 1972 86.
315 1908 437 1967 molesti
453 1905 579 1988 quidem
591 1908 706 1969 Abares
719 1911 874 1983 Romanis,
891 1907 1037 1989 quamdiu
1051 1920 1133 1970 uuus
1149 1913 1260 1973 Istrum

156 2001 226 2051 sunt
242 1995 436 2052 commorati:
458 2013 548 2074 saepe
563 1994 646 2052 enim
659 1994 773 2052 flumen
792 1996 972 2054 traiioientes
992 2005 1022 2054 et
1040 2015 1095 2074 per
1107 1999 1260 2057 Romanas

156 2079 326 2156 provincias
340 2089 533 2139 excurrentes
545 2080 647 2137 omnia
662 2079 830 2137 restabant.
863 2099 933 2138 oum
948 2090 1050 2140 autem
1067 2083 1135 2140 cisis
1148 2085 1260 2150 Istrum

155 2161 268 2241 pedem
285 2165 473 2239 intulissent,
503 2165 607 2244 ibique
628 2174 740 2222 certam
755 2162 860 2222 sedem
874 2163 986 2224 habere
1004 2167 1189 2244 coepissent,
1211 2169 1260 2226 la-

156 2253 217 2307 tior
232 2251 275 2308 eis
291 2251 388 2328 patuit
402 2251 452 2308 ria
471 2246 511 2308 ad
531 2269 579 2308 res
595 2251 800 2308 Romanorum
817 2247 1006 2328 affligendas.
1049 2248 1215 2310 Menander
1228 2253 1262 2310 in

156 2333 235 2392 Ero.
260 2333 298 2393 de
315 2334 408 2415 legor.
428 2357 466 2412 p.
486 2337 545 2398 101
571 2334 823 2393 testaturAbsres
843 2355 897 2414 per
907 2337 1024 2414 legatos
1037 2337 1205 2414 postulasse
1224 2337 1261 2396 ab

157 2421 341 2495 lustiuisno,
371 2412 426 2497 lo'
443 2410 471 2506 ,i
484 2421 567 2498 σφοῖς
578 2422 787 2500 captatorium
798 2421 874 2502 priv,
896 2413 967 2483 ὅποι
982 2416 1016 2483 rd
1030 2425 1131 2498 φῦλον
1146 2415 1262 2501 θήσον-

156 2500 273 2579 ταττοίς
288 2498 431 2584 chairaar-
475 2523 510 2564 ac
522 2515 588 2562 tum
601 2501 727 2584 quidem
739 2503 778 2562 de
793 2503 966 2584 occupanda
977 2506 1106 2582 Sinnio,
1135 2507 1261 2586 amplis-

158 2591 237 2650 sima
259 2609 295 2648 ac
315 2591 510 2650 celeberrima
533 2591 668 2664 civitate,
696 2592 844 2668 cogitasse
859 2610 900 2648 ex
916 2611 952 2649 eo
966 2603 1109 2670 apparet,
1133 2591 1215 2672 quod
1229 2596 1263 2652 in

158 2674 326 2755 legatione,
356 2695 448 2757 quam
469 2673 579 2735 deiude
592 2673 632 2734 ad
646 2677 796 2736 Iustinum
806 2677 969 2750 misenmt,
998 2675 1092 2736 iidem
1112 2681 1263 2757 petienmt

160 2755 238 2826 ὅστε
251 2756 285 2824 td
298 2759 430 2845 Σίρμαίν
443 2761 475 2824 οί
486 2759 663 2840 ίνθοθῆναν,
683 2758 736 2822 καί
750 2755 788 2822 τοί
802 2753 927 2840 αυνήθη
939 2755 1085 2842 χρήματα,
1100 2758 1121 2824 ii
1135 2763 1263 2845 Κοατρί-

160 2867 274 3009 αα
288 2839 562 2928 ²‘
580 2837 1261 3010 fortunatarum

163 3025 243 3076 certe
256 3018 406 3090 lustinus,
431 2953 533 3096 dicad
553 3017 667 3096 potuit,
689 3000 822 3074 obstitit:
849 3013 904 3074 sed
924 3015 979 3074 sub
995 3017 1120 3074 Tiberio
1138 3013 1262 3076 tandem

161 3097 196 3166 τί
213 3101 342 3182 Σίρμιον
357 3096 394 3164 sd
408 3096 484 3164 ίῖοτο
502 3099 535 3163 ἐν
550 3098 651 3181 χερσίν
666 3096 793 3182 ίγεγίνετ
807 3102 868 3162 τοῖν
887 3095 1032 3164 Οὔνναν·
1055 3103 1215 3183 προῆλθον
1229 3100 1265 3162 ai

163 3186 309 3251 σπονδαί·
334 3185 369 3249 αἱ
381 3182 415 3249 di
428 3188 582 3262 συνθῆται
595 3183 794 3249 ἐπονείδιστα
806 3183 978 3265 Ῥωμαίοις.
1008 3182 1173 3244 Menander
1185 3185 1260 3244 ibid.

159 3293 195 3350 p.
212 3272 284 3335 117.
325 3281 484 3351 propterea
494 3269 764 3330 Pisidaexclamat
781 3263 859 3351 ὅσην
878 3267 912 3332 δὲ
924 3265 1033 3334 luendo
1047 3282 1103 3330 etc.
1146 3271 1261 3332 Abares

164 3358 246 3416 enim
261 3376 325 3415 non
338 3367 492 3416 contentos
505 3359 616 3416 Istrum
630 3357 800 3431 traiecisse,
824 3357 903 3416 ultra
918 3355 1033 3416 Sarum
1047 3359 1138 3416 etiam
1155 3377 1262 3438 super-
1366 3403 1370 3408 .
1446 3377 1454 3386 ·

164 3451 275 3502 structo
291 3451 384 3522 ponte
398 3453 523 3522 vagatos
537 3462 601 3501 esse
612 3443 709 3522 liquet
722 3461 764 3500 ex
777 3439 884 3500 eodem
896 3452 1016 3502 auctore
1027 3465 1061 3521 p.
1083 3444 1156 3507 128.

248 3529 301 3592 38.
343 3547 448 3586 omnes
459 3538 527 3606 post
540 3529 739 3585 lastinianum
752 3528 958 3607 imperatores,
977 3527 1118 3586 videlicet
1131 3529 1263 3587 Iustinus

163 3613 307 3684 'liberius
320 3614 483 3672 Mauricius
495 3609 612 3676 Phocus
626 3623 657 3690 et
668 3614 836 3688 Heraclius,
858 3615 957 3671 conati
973 3622 1042 3672 sunt
1058 3623 1140 3672 trem
1153 3616 1264 3671 Istrum

164 3699 278 3757 Abares
295 3699 491 3778 compellere,
520 3695 575 3757 sed
589 3698 713 3772 frustra,
741 3694 825 3778 quod
840 3697 955 3756 viribus
968 3701 1098 3777 impares
1112 3707 1211 3756 essent
1226 3695 1266 3754 ad

165 3781 371 3862 reprimendos
388 3784 548 3859 barbaros,
577 3785 754 3863 praesertim
772 3803 842 3842 cum
860 3803 922 3842 uno
945 3781 1112 3862 eodemque
1132 3791 1267 3860 tempore

165 3870 210 3927 eis
225 3877 305 3926 emet
320 3865 525 3928 dimicandum
540 3879 644 3928 contra
659 3871 778 3944 Persas,
802 3887 820 3926 a
835 3869 944 3949 quibus
958 3867 1162 3940 vexabantur;
1186 3863 1268 3924 unde

165 3971 228 4013 non
242 3953 338 4010 semel
351 3950 391 4009 ad
402 3955 509 4012 incitas
523 3952 637 4013 redacti
648 3955 783 4013 Abarum
797 3973 886 4033 opem
900 3953 1060 4032 implorare
1079 3953 1173 4011 coacti
1186 3961 1267 4011 sunt.

250 4033 305 4100 41·
346 4035 496 4113 historici,
524 4058 601 4119 quos
613 4041 721 4098 tacitus
735 4037 840 4098 laudat
852 4036 972 4114 Pisida,
1003 4036 1084 4118 quod
1100 4047 1169 4096 aute
1184 4056 1217 4095 se
1230 4035 1268 4096 de

164 4123 255 4182 rebus
269 4141 340 4180 crun
350 4121 485 4180 barbaris
498 4127 591 4201 gestis
604 4127 796 4204 scripserint,
826 4133 906 4182 carte
918 4133 988 4182 sunt
1000 4123 1157 4202 Dexippus
1173 4121 1270 4181 Athe-

165 4209 296 4282 niensis,
326 4209 482 4286 llunapius
496 4207 677 4285 Sardianus,
703 4212 825 4270 Priamus
839 4209 948 4268 Peuits
963 4205 1078 4284 rhetor,
1106 4207 1271 4268 Menander

166 4296 336 4371 Protector,
360 4293 525 4372 Procopius
539 4295 757 4373 Caesariensis,
786 4291 932 4374 Agatbias
948 4294 1130 4354 Mutinensis
1151 4291 1271 4354 schola-
