3017 4817
440 298 695 370 DESCRIPTIO
718 297 759 369 S.
782 298 973 369 SOPHIAE.
1207 298 1257 372 ⁷5

148 487 259 551 peram
279 467 478 529 substitutum
496 476 629 529 censent.
692 476 813 529 uattuor
838 488 927 549 porro
949 469 982 527 in
1006 464 1081 539 aeda
1104 464 1258 549 Sophiam

150 553 314 615 nartheccs
334 556 439 615 statuit
458 553 605 615 cedinus:
628 486 692 618 aiud
704 558 761 617 rori
781 548 916 635 βήματος
932 554 1016 637 μέχρι
1030 558 1092 617 ταῖν
1104 552 1259 637 τεσσάρων

152 634 343 720 ναρθήκων,
364 651 399 699 ut
417 649 448 699 et
461 643 656 719 Anonymus:
677 638 730 702 sal
742 642 805 702 ταῖν
820 636 973 720 τεσσάρων
987 633 1156 719 ναρθήκων
1171 662 1259 703 κατε-

152 723 291 806 rodense
303 721 341 786 sd
354 722 456 804 ὅροφα
469 726 500 801 ἐξ
513 725 636 788 deliaco
650 729 764 804 χρυσοῦ
775 721 972 806 λαμπρότατα.
1015 726 1069 785 ssd
1084 728 1149 784 iure
1161 724 1260 785 addu-

153 811 246 869 bitari
261 821 364 889 potest
381 830 421 868 an
437 808 577 870 hocloco
594 821 735 891 quattuor
749 812 866 892 aliquas
881 814 1011 890 porticus
1029 814 1192 871 exteriores
1208 812 1260 869 in-

152 898 274 970 nuerit,
296 895 384 954 binas
404 897 519 955 scilicet
539 894 579 954 ad
599 895 785 956 occidentem
799 908 830 955 et
844 895 919 956 duas
936 896 1009 955 elias
1026 894 1067 955 ad
1079 898 1261 976 septentrio-

153 1000 229 1039 nem
249 991 281 1039 et
300 979 470 1040 meridiem.
514 979 596 1062 quod
611 979 735 1061 quidem
749 980 884 1041 indicare
899 979 1018 1041 videtur
1034 982 1117 1040 idern
1131 984 1261 1062 Anony-

153 1086 243 1138 mus,
268 1067 400 1125 scribens
422 1068 622 1125 lastinianum
637 1070 777 1126 statuisse
799 1067 859 1147 (an
875 1088 963 1142 vere,
985 1068 1038 1125 alii
1055 1065 1204 1144 ulderint)
1226 1076 1261 1127 ut

154 1153 296 1231 quisquis
311 1171 366 1229 pro
380 1150 559 1211 delictorum
575 1150 667 1211 modo
683 1163 833 1211 arceretur
848 1173 866 1211 a
882 1155 990 1227 sacris,
1013 1154 1045 1211 in
1058 1150 1106 1213 his
1120 1163 1261 1235 quattuor

151 1233 351 1295 narthecibus
372 1247 481 1311 staret3
513 1257 573 1317 quc
588 1236 713 1317 quidem
725 1239 793 1297 loco
809 1237 902 1315 plear
913 1236 1072 1297 nartheces
1084 1247 1187 1312 vocat,
1210 1240 1261 1297 in·-

153 1332 311 1399 oomperta
331 1320 410 1380 mihi
427 1325 558 1397 ratione,
579 1324 641 1381 uisi
655 1323 733 1382 forte
749 1322 832 1404 quod
849 1322 888 1381 ad
901 1324 1009 1402 templi
1022 1324 1097 1382 fines
1111 1323 1262 1383 haberen-

153 1416 205 1464 tur
222 1409 358 1486 porticus
375 1409 451 1466 istae
474 1408 647 1468 exteriores.
691 1418 770 1466 certe
792 1412 913 1468 tertium
932 1406 1107 1468 narthecem
1125 1406 1262 1469 eiusdem

154 1488 241 1550 aedis
271 1490 444 1571 Sophianae
470 1494 627 1553 observare
654 1503 701 1552 est
725 1494 759 1551 in
784 1504 870 1553 sexta
890 1494 1013 1574 Synodo
1033 1498 1100 1553 Act.
1124 1496 1178 1570 18,
1206 1494 1262 1552 uhi

154 1570 346 1656 taedppatos
366 1576 400 1641 lv
420 1578 510 1661 τρίτῳ
530 1572 666 1661 νάρθηκι
684 1573 814 1661 μεγάλης
829 1580 987 1659 ὒντλησίας
998 1582 1153 1653 statuitur,
1174 1580 1261 1639 nullo

153 1662 218 1719 alio
234 1660 367 1735 indici03
392 1666 446 1744 qui
463 1662 589 1744 quidem
605 1666 711 1723 tertius
727 1663 859 1725 narthex
875 1667 970 1744 prima
984 1666 1119 1724 fortassis
1136 1665 1227 1722 fuerit
1242 1684 1261 1721 e

152 1747 250 1807 tribus
272 1750 453 1826 porticibus,
475 1766 550 1829 quas
574 1748 614 1808 ad
637 1748 823 1810 occidentem
844 1750 927 1810 aedis
951 1748 1123 1829 Sophianae
1142 1752 1261 1809 stetisse

152 1833 258 1891 scribit
281 1834 395 1893 Paulus
417 1835 625 1910 silentiarius,
656 1853 793 1916 quaeque
821 1832 965 1911 ἔξωτατος
993 1831 1115 1916 νάρθηξ
1141 1834 1261 1893 videtur

123 1960 128 1973 .
152 1920 324 1996 nuncupari
344 1916 427 1997 apud
450 1918 581 1978 eundem
602 1923 797 2000 Monymum
819 1940 851 2001 p.
872 1920 947 1985 248.
997 1940 1069 1979 narn
1088 1929 1191 1979 auctor
1215 1929 1261 1979 est

153 2004 273 2061 Gaurus
295 2005 463 2063 etiamnum
483 2006 603 2065 Graecis
625 2003 843 2087 ἐξωνᾶρθηκας
863 2008 1026 2066 exteriores
1050 2010 1198 2084 porticus,
1225 2014 1261 2063 ut

153 2089 313 2147 interiores
325 2085 545 2169 ἔσωνᾶρθηκας
558 2090 629 2151 dici.
671 2111 761 2171 porro
774 2086 978 2173 θινόμβαλον,
999 2094 1033 2149 ni
1046 2092 1153 2165 fallor,
1175 2092 1261 2150 locus

156 2182 204 2231 est
227 2183 366 2232 constans
386 2172 503 2234 duabus
516 2178 632 2249 trullis,
653 2179 847 2254 ανμβαλικαῑς
860 2194 914 2234 seu
930 2178 962 2233 in
979 2174 1105 2234 modum
1120 2175 1261 2254 cymbali,

156 2256 414 2337 quemadmodum
429 2260 489 2318 fuit
508 2262 607 2317 maior
626 2256 710 2317 aedis
729 2260 835 2333 trulla,
859 2263 1028 2319 exstructis.
1072 2264 1114 2319 ita
1134 2256 1264 2339 speusip-

156 2344 253 2423 βολον
268 2346 324 2404 rosi
339 2346 587 2422 τζνκανιστηρίσν
600 2353 751 2402 memorat
763 2344 875 2402 alicubi
889 2342 1021 2403 eodinus
1033 2347 1066 2405 in
1080 2346 1264 2423 Originibus.

154 2430 221 2485 iure
242 2430 337 2505 igitur
356 2429 487 2489 Allatius
507 2428 584 2486 haec
603 2430 696 2489 verba
710 2427 749 2487 de
763 2425 906 2489 nartheca
922 2430 1029 2489 infert:
1053 2430 1179 2489 nortlrex
1194 2450 1264 2490 vero

155 2523 239 2571 extra
256 2511 503 2592 eccksshmfhrts
519 2534 563 2572 ars
575 2516 711 2594 auts'qush
726 2513 907 2591 temporibus
915 2516 1030 2593 suerit,
1054 2536 1114 2575 non
1129 2516 1262 2594 desputo.

153 2618 226 2656 nam
242 2608 277 2656 ut
291 2596 465 2673 nartheces,
489 2597 571 2678 quod
585 2619 625 2657 ex
638 2598 799 2678 praedictis
815 2604 888 2659 satis
903 2611 1001 2679 patet,
1024 2603 1099 2660 olim
1110 2613 1196 2661 extra
1213 2620 1266 2659 ec-

154 2685 282 2742 clesiam
294 2702 349 2741 seu
363 2688 463 2763 potius
479 2695 565 2743 extra
582 2686 725 2743 ecclesiae
739 2696 825 2766 septa
836 2686 935 2759 fuere,
958 2689 1014 2745 etsi
1027 2686 1122 2761 forte,
1144 2698 1177 2745 ut
1189 2706 1263 2766 pro·-

154 2771 224 2842 nai‚
246 2770 326 2827 sacri
340 2767 540 2844 haberentur,
562 2771 605 2828 ita
617 2772 751 2829 vicissim
765 2790 820 2849 pro
834 2782 913 2831 carto
930 2768 1035 2830 haberi
1052 2771 1142 2830 debet
1158 2782 1262 2851 poste-

155 2854 286 2913 rioribus
308 2856 436 2913 saeculis
451 2853 624 2913 narthecem
639 2874 708 2913 eam
724 2855 808 2915 aedis
822 2874 923 2915 sacrae
940 2868 1073 2935 partem,
1094 2875 1185 2936 quam
1200 2854 1261 2915 ho-

155 2937 206 2997 die
229 2941 337 2997 navim
360 2958 516 3013 vocemus,
540 2941 739 3019 appellatam,
762 2952 796 2999 ut
810 2953 892 3021 patet
905 2960 946 3000 ex
961 2940 1147 3019 Euchologio
1164 2952 1194 2999 et
1209 2962 1261 2999 ce·
1319 2968 1323 2977 =

156 3027 227 3083 teris
242 3025 426 3083 Graecorum
441 3026 599 3084 ritualibus
614 3026 699 3085 libris
717 3036 747 3084 et
765 3028 880 3107 aliquot
895 3027 1045 3086 inferioris
1064 3029 1169 3085 aetatis
1183 3028 1259 3085 sori-

155 3110 308 3190 ptoribus,
330 3129 407 3191 quos
430 3108 535 3169 laudat
553 3108 637 3169 idem
655 3111 786 3170 Allatius
805 3114 838 3169 in
857 3114 981 3171 Dissert.
1004 3111 1041 3170 de
1061 3113 1261 3171 recentiorum

156 3197 342 3254 Graecorum
361 3197 483 3275 templis
505 3214 537 3275 p.
561 3200 621 3258 110
643 3207 673 3255 et
697 3198 902 3278 sequentibus.
944 3195 995 3273 his
1016 3199 1118 3257 favere
1143 3194 1262 3255 videtur

157 3283 295 3339 lexicon
309 3300 357 3340 rns
375 3300 416 3339 ex
432 3278 613 3341 bibliotheca
627 3283 740 3359 Regia,
764 3281 830 3341 cod.
844 3286 944 3357 2062,
966 3294 999 3341 ut
1018 3295 1048 3342 et
1069 3292 1172 3341 auctor
1184 3286 1262 3361 Ety-

156 3367 317 3445 mclogici:
338 3360 460 3448 νάρθηξ
477 3360 538 3431 iri
552 3369 610 3427 cosi
628 3366 740 3447 νέρθεν
762 3364 859 3448 ἤγουν
879 3362 1019 3431 κάτωθεν
1039 3373 1095 3431 τοῦ
1119 3364 1263 3448 ἄμβωνας

157 3457 290 3515 νεῖσθαι.
333 3449 405 3509 hinc
433 3452 516 3510 enirn
538 3452 684 3510 evincitur
703 3452 878 3511 narthecem
900 3456 933 3511 in
953 3456 1078 3514 ecclesia
1100 3456 1263 3529 exstitisse,

159 3540 183 3599 si
205 3536 333 3618 quidem
353 3537 432 3596 infra
454 3537 614 3595 ambonem
627 3539 761 3613 exstitit3
786 3536 878 3619 idque
891 3536 963 3598 inde
977 3541 1091 3599 factum
1109 3541 1263 3612 existimo,

159 3622 243 3709 quod
262 3642 332 3681 cum
349 3624 383 3681 in
400 3623 553 3703 plerisque
572 3624 695 3701 templis
711 3642 748 3681 ao
763 3622 887 3683 aedibus
904 3628 995 3685 sacris
1014 3624 1152 3685 deessent
1171 3642 1264 3701 capa-

159 3711 254 3767 u'ores
268 3710 401 3786 porticus
418 3717 448 3765 et
461 3706 617 3767 nartheces
630 3707 670 3767 ad
682 3728 787 3767 aarum
799 3710 965 3785 vestibula,
987 3714 1040 3790 qui
1058 3728 1099 3767 ex
1114 3726 1264 3767 canonum

158 3802 319 3872 praecepto
332 3796 366 3851 in
379 3796 418 3851 iis
430 3796 591 3853 consistere
605 3794 802 3870 tenebantur,
823 3798 901 3853 intre
914 3798 1008 3874 ipsius
1023 3795 1165 3853 ecclesiae
1177 3794 1264 3850 clau-

158 3890 219 3937 stra
242 3876 436 3958 postmodum
459 3878 583 3938 admissi
604 3881 681 3953 sint,
711 3884 756 3939 ita
777 3891 880 3939 tamen
901 3890 935 3937 ut
957 3900 974 3938 a
993 3881 1109 3960 reliqua
1127 3877 1264 3937 fidelium

159 3963 248 4043 plebe
263 3962 510 4040 discernerentur,
533 3983 628 4045 eaque
642 3965 759 4023 obirent
772 3968 877 4023 munia
890 3967 1012 4045 quaein
1025 3960 1166 4022 nartheca
1178 3964 1264 4038 olim,

159 4052 193 4106 in
206 4052 307 4127 primo
324 4047 447 4109 aedium
462 4069 613 4109 sacrarum
627 4060 717 4130 atqua
731 4048 807 4109 adeo
824 4054 932 4131 pronai
948 4051 997 4110 vel
1014 4051 1103 4109 ηανὶσ
1115 4052 1264 4129 ingressu.

161 4133 241 4193 unde
255 4146 336 4193 recte
349 4132 507 4195 nartheces
522 4134 601 4193 dixit
614 4136 747 4215 Symeon
761 4134 903 4195 Thessal.
918 4137 1060 4217 Opnscul.
1073 4144 1175 4195 contra
1189 4133 1266 4193 hae·
1282 4140 1306 4193 P
1319 4138 1372 4197 5³6
1486 4184 1487 4205 ,

161 4238 260 4294 reses,
282 4240 336 4280 sua
355 4221 501 4278 nimirum
519 4230 632 4297 aetate,
652 4224 715 4285 scis
734 4224 820 4286 sacis
840 4215 936 4306 ἀρχάς
954 4230 1152 4302 nturcnpatos.
1195 4218 1266 4281 vida

161 4302 380 4387 Theophanem
395 4325 426 4385 p·
442 4306 516 4371 208·
1380 4306 1397 4349 t
1486 4372 1487 4375 ,
