3017 4817
264 320 337 393 100
692 318 753 385 DU
786 316 928 385 ClNGII
1006 328 1011 335 '
1072 306 1075 313 ’

259 496 307 547 trs
321 486 409 546 berno
425 500 495 544 enm
510 481 626 565 reliqua
640 482 730 563 plebe
744 483 957 544 consisterent:
976 475 1057 547 ὅθεν
1069 478 1122 545 ναὶ
1133 478 1219 563 μέχρι
1235 484 1292 544 τοῦ
1304 485 1366 544 νῦν
1493 485 1494 494 ’

209 626 213 634 .
259 575 358 645 καλῶς
375 565 539 653 inprimere
561 566 704 645 editior,
743 568 800 645 ἔξω
819 574 876 631 τοῦ
895 569 1117 649 θυσιαστηρίου
1138 565 1210 641 sotir
1230 568 1366 647 βασιλεῖς

259 657 404 721 ἵστασθαι
417 652 491 735 μετὰ
505 657 561 719 τοῦ
575 656 661 717 λαοῦ.
684 663 716 713 et
726 652 915 734 Nicephorus
930 656 1071 714 callistus
1087 655 1129 717 12
1149 651 1201 724 41,
1222 654 1275 711 ubi
1289 672 1364 710 een-

259 740 331 801 dem
346 760 411 799 rem
425 744 537 814 recitet,
560 758 614 799 sos
630 741 796 799 etiamnum
811 750 910 799 aetste
922 738 957 799 id
971 742 1106 799 obtinere
1121 739 1232 811 scribit,
1251 758 1363 816 nempe

258 838 294 888 ut
309 829 471 907 imperator
485 823 524 884 ed
535 826 663 885 bematis
676 827 825 884 cancellos
841 824 955 885 sedeat.
998 836 1029 891 at
1045 826 1072 883 si
1083 821 1251 883 secundum
1268 824 1363 882 Sozo-

260 932 387 973 menum
401 913 553 991 assignata
566 911 626 969 fuit
643 908 732 970 sedes
750 913 940 990 imperatoris
960 908 1021 992 πρδ
1034 915 1096 971 coir
1110 903 1294 990 dpopdsrss
1306 913 1364 971 sori

259 998 419 1079 διρατείαυ,
441 1008 510 1055 ante
524 997 672 1055 cancellos
685 996 829 1070 bematis,
849 1015 913 1056 non
926 998 1024 1076 potuit
1038 997 1198 1055 consistere
1211 1014 1267 1052 sen
1279 994 1364 1056 iosc-

259 1088 335 1147 σθαι
348 1077 420 1164 μετα
432 1084 488 1144 τοῦ
501 1084 594 1156 λαοῦ,
626 1078 873 1162 quondoquidem
889 1083 1020 1162 populus
1039 1083 1072 1139 in
1084 1099 1198 1160 pronao
1216 1081 1362 1138 consiste-

257 1168 326 1243 bat,
357 1178 391 1227 et
404 1169 486 1225 inter
500 1166 648 1225 cancellos
666 1166 795 1225 bematis
813 1176 844 1225 et
858 1186 1007 1246 promum
1019 1186 1074 1225 seu
1088 1163 1263 1223 northecem
1277 1160 1364 1239 ναός,

258 1254 309 1313 vel
324 1250 432 1311 chorus
455 1252 569 1310 clericis
592 1261 623 1309 et
643 1252 813 1311 cantoribus
833 1250 988 1326 addictus,
1020 1248 1240 1324 intercedebat,
1271 1260 1306 1307 nt
1323 1267 1363 1307 ex

257 1339 325 1419 ipso
338 1338 511 1397 silentiario
526 1347 556 1395 et
571 1337 638 1396 eliis
656 1336 777 1395 abunde
791 1346 916 1396 constat.
939 1334 1048 1417 quodsi
1064 1347 1133 1395 ente
1147 1336 1274 1394 bematis
1289 1354 1362 1393 can-

258 1424 351 1483 cellos
369 1424 518 1497 constitit,
549 1441 624 1481 eum¹
635 1420 740 1495 sedem
762 1426 796 1480 in
810 1424 894 1481 soles
908 1426 1026 1481 stetisse
1040 1440 1163 1480 necesse
1179 1431 1241 1495 est,
1271 1430 1361 1499 etque

255 1507 333 1567 odeo
353 1510 565 1587 imperatorem
586 1527 649 1567 non
669 1508 817 1587 populum
834 1505 981 1569 duntexet
1002 1505 1163 1566 sedetiam
1184 1506 1308 1564 clericos
1332 1514 1362 1563 et

256 1604 404 1668 centones,
429 1612 505 1673 quos
512 1592 663 1671 populum
672 1602 831 1650 nonenim
842 1604 929 1652 vocet
938 1594 1139 1667 silentiarium,
1152 1593 1361 1670 pmecessisse.

258 1689 348 1760 etque
375 1676 448 1736 inde
472 1678 550 1736 sorte
578 1675 703 1757 quidem
728 1677 826 1735 soloce
846 1696 961 1737 nornen
983 1676 1116 1736 inditum
1140 1679 1360 1751 existimarunt,

255 1762 341 1847 quod
356 1782 393 1821 eo
406 1764 466 1821 loci
476 1763 643 1841 imperator
656 1764 689 1820 in
706 1764 833 1821 ecclesis
845 1762 956 1821 wlusm
968 1782 1058 1821 suom
1072 1761 1206 1821 heberet.
1248 1772 1282 1819 ut
1295 1781 1362 1819 sese

255 1870 304 1908 res
325 1845 461 1924 hubent,
481 1844 560 1905 hmo
580 1848 613 1906 S.
628 1846 782 1907 Ambrosii
801 1851 1044 1908 constitutionem
1065 1857 1149 1905 tenta
1170 1866 1240 1905 cnm
1268 1848 1361 1904 animi

256 1932 418 1993 devotione
443 1951 478 1989 ec
495 1932 695 1991 submissione
716 1952 863 2012 excepere
883 1935 1098 2012 imperotores,
1120 1942 1154 1991 ut
1168 1930 1360 1991 Theodosius

254 2020 356 2079 iunior
369 2028 398 2076 et
412 2018 656 2094 Valentinianus,
678 2020 711 2075 in
726 2038 762 2077 eo
778 2016 897 2079 decreto
910 2017 993 2100 quod
1006 2029 1105 2078 exstet
1116 2029 1186 2097 post
1198 2018 1360 2076 concilium

254 2103 461 2184 Ephesinum,
483 2104 516 2159 in
530 2100 605 2162 hoec
617 2102 708 2161 verbo
722 2114 935 2183 prorumpent:
956 2105 1002 2163 od
1017 2124 1107 2161 onera
1121 2102 1235 2160 οδω-ἑο
1252 2122 1360 2160 mune-

254 2210 324 2250 nem
332 2199 455 2247 motum
464 2187 682 2267 offerendorum
693 2208 787 2246 οοιιιιι
794 2189 965 2247 accedimus
970 2212 984 2260 ;
1007 2200 1036 2246 et
1048 2208 1117 2246 erem
1128 2190 1360 2266 circumseptum

147 2287 171 2345 Ρ
187 2280 239 2342 156
255 2294 410 2335 sacrorum
422 2273 582 2350 adytorum
595 2275 723 2353 ingressi
735 2294 859 2345 nemus,
878 2278 982 2332 statim
996 2274 1184 2353 egredimur,
1204 2293 1259 2330 nec
1273 2276 1361 2352 quie·

253 2357 1061 2519 milttltfflltfflt0tl'tlllt
1073 2368 1359 2523 §sitibit

254 2552 309 2595 ναι
323 2529 367 2603 εἰς
381 2522 418 2590 sd
431 2521 653 2607 θυσιαστήριον
668 2527 720 2591 troi
738 2534 900 2591 κοινωνεῖν
913 2530 1032 2604 liceret,
1060 2531 1089 2587 is
1106 2539 1209 2587 tomen
1227 2548 1293 2587 mos
1307 2531 1360 2587 in-

233 2610 234 2615 ¹
254 2613 390 2676 voluerat
410 2622 445 2670 nt
462 2608 557 2691 ndytn
579 2611 698 2690 ingredi
719 2611 759 2671 sd
782 2612 937 2672 offerenda
960 2612 1039 2673 dono
1053 2616 1227 2717 imperatori
1241 2614 1357 2688 liceret,

253 2710 288 2761 ut
309 2698 458 2777 colligitur
479 2714 520 2755 ex
538 2696 654 2777 synodo
676 2699 824 2757 'l'rrrllens
847 2718 912 2759 cen.
934 2700 994 2775 69,
1036 2722 1113 2761 ιατα
1136 2722 1205 2761 τινα
1224 2695 1358 2761 παλαιδι

251 2781 433 2869 παράδοσιν,
452 2782 553 2863 inquit
565 2783 728 2842 Balsemon
736 2828 745 2859 ,
768 2782 850 2866 qnod
862 2785 901 2843 sb
916 2787 984 2865 ipso
996 2786 1031 2845 S.
1045 2785 1198 2845 Ambrosii
1210 2804 1284 2844 nero
1299 2784 1357 2842 ob⁴

252 2872 378 2932 tintdsse
390 2887 447 2949 pse
460 2878 505 2927 est
517 2866 649 2927 credere.

252 2962 256 2968 '
339 2952 391 3019 43.
434 2956 499 3011 lem
510 2972 582 3012 vero
598 2950 680 3035 qnod
693 2954 735 3009 ait
747 2952 937 3013 silentiosus
951 2953 1015 3012 illic
1025 2952 1131 3013 sedere
1143 2956 1357 3034 imperatorem

216 3072 222 3087 ·
251 3037 445 3113 θεοστὲτττοις
464 3036 497 3101 ἓν
514 3037 646 3119 ἑορταῖς,
665 3034 699 3096 id
714 3036 948 3117 intelligeudmn
963 3049 1008 3098 est
1021 3037 1059 3098 de
1072 3039 1293 3099 solennioribus
1306 3039 1356 3097 fe-

251 3124 448 3198 stivitatibus,
475 3125 509 3181 in
531 3123 640 3205 quibus
660 3120 700 3181 ed
713 3126 862 3182 maiorem
877 3126 1035 3183 ecclesium
1048 3124 1246 3204 procedebst,
1277 3144 1354 3205 ques

250 3228 377 3268 numero
400 3206 560 3267 duodecim
579 3210 674 3267 fuisse
693 3206 814 3267 ridetur
829 3212 956 3267 innuere
970 3209 1102 3269 eodinus
1121 3214 1153 3269 in
1170 3213 1251 3289 (ing.
1268 3213 1350 3290 p.9t

251 3293 301 3355 cd.
316 3296 520 3370 Meursinnee,
542 3312 613 3353 oum
627 3296 660 3353 in
676 3296 792 3368 ceteris,
814 3295 847 3351 in
861 3295 967 3372 palatii
978 3298 1073 3354 sacris
1086 3294 1221 3371 aedibus,
1243 3294 1355 3354 divinis

249 3380 395 3441 interesse
420 3378 525 3437 officiis
548 3379 670 3438 soleret.
715 3396 751 3436 ea
777 3389 879 3436 antem
909 3379 987 3439 feste
1015 3383 1130 3439 meiors
1151 3379 1356 3455 θεοστὲτττονς

249 3463 356 3545 ἑορτάς
373 3466 508 3538 vocavit,
531 3461 614 3545 quod
624 3466 657 3521 in
673 3464 710 3522 iis
724 3466 889 3543 imperator
901 3484 1011 3524 corone
1023 3464 1183 3525 redimitus
1195 3469 1288 3525 ssoris
1302 3468 1353 3523 in-

248 3560 382 3611 teresset.
415 3546 620 3630 Theophanes
633 3546 671 3609 de
684 3552 799 3609 Instino
811 3551 1010 3627 imperatore:
1030 3555 1125 3613 ταῦτα
1136 3548 1247 3633 potuis
1258 3546 1356 3634 μεγα-

248 3640 307 3711 λοις
322 3631 432 3719 ἤλγησε
446 3632 504 3713 τήν
519 3630 634 3715 ψυχήν,
656 3629 732 3697 ὥστε
744 3633 797 3697 καὶ
837 3638 851 3653 ”
862 3634 955 3743 ἕορτρ·
968 3632 1130 3717 repertorio
1145 3636 1179 3700 iv
1192 3640 1231 3721 τῇ
1244 3634 1354 3715 διαδη-

246 3722 299 3785 ote
324 3716 363 3785 osi
387 3719 561 3795 κατεδέξατο
584 3718 714 3801 φορέσαι
735 3716 772 3783 το“
791 3738 825 3782 στ
839 3744 905 3801 μμα
926 3745 947 3801 η
971 3718 1029 3800 τήν
1050 3717 1196 3800 χλαμύδα.
1237 3723 1354 3781 similis

244 3784 337 3865 babet
348 3826 376 3866 ιι.
391 3806 432 3869 81
446 3807 618 3865 Iustiniani:
641 3797 659 3867 ὅ
674 3802 708 3867 δὲ
720 3799 863 3884 persistit
883 3798 941 3869 otis
959 3801 1103 3885 ἐφόρεσεν
1120 3800 1155 3867 τδ
1171 3804 1285 3887 στέμμα
1300 3805 1353 3870 tet

244 3884 360 3973 ἡμέρας
371 3883 410 3969 μ’,
426 3886 502 3953 oiiioi
513 3889 565 3953 sol
577 3892 617 3976 τῇ
631 3887 704 3969 sirloc
720 3893 854 3969 Χριστοῦ
864 3886 1004 3972 γεννήσει
1018 3890 1110 3971 χωρὶς
1126 3884 1223 3954 αὐτοῦ
1237 3895 1353 3972 προῇδ-

244 3982 304 4037 θτν
318 3974 351 4037 ἐν
362 3980 401 4061 τῇ
417 3974 566 4059 διπλησίᾳ.
609 3992 668 4052 spu
703 3976 833 4035 Francos
855 3986 972 4035 nostros
996 3996 1068 4035 eum
1090 3976 1165 4035 olim
1184 3976 1352 4035 obtinuisse

243 4078 360 4118 morem
376 4070 409 4117 nt
422 4078 508 4139 reges
527 4062 559 4118 in
579 4059 742 4119 maioribus
755 4062 828 4119 enni
842 4060 1056 4130 festivitstibns
1071 4063 1105 4119 in
1120 4062 1247 4121 ecclesis
1262 4082 1353 4121 coro-

243 4145 308 4201 nati
322 4140 431 4203 divinis
444 4146 549 4203 officiis
561 4146 749 4217 interessent,
762 4145 900 4223 pluribus
914 4146 1108 4225 probavimus
1122 4145 1164 4205 sd
1174 4149 1350 4206 loinvillsm

243 4228 398 4286 Dissertut.
414 4228 451 4301 5,
478 4240 567 4308 etque
578 4225 650 4285 inde
662 4248 712 4287 ees
726 4229 906 4289 festivitates
924 4234 1025 4290 αατίατ
1045 4243 1269 4291 coronatorem
1285 4233 1350 4291 dise

244 4330 369 4371 romnus
380 4312 544 4390 appellatus
558 4314 651 4374 διιίτιο
657 4356 668 4393 ,
690 4333 744 4373 seu
759 4310 864 4397 ἕορτδς
878 4315 1087 4391 dromonem.
1128 4336 1202 4375 nem
1216 4318 1250 4376 u't
1265 4314 1350 4396 opud
