3017 4817
236 235 310 310 110
697 192 885 310 norrun.

234 403 389 476 δικτιῶνος
408 391 444 464 δ’.
486 417 565 482 quae
587 407 738 480 potiremur
758 400 851 486 verbu
867 389 1066 474 Ἷνᾶαπόνος
1082 393 1110 462 δ’
1127 397 1335 460 coniecturum

234 499 367 546 nostrum
388 487 546 545 affirment.
601 483 656 546 sed
678 486 732 546 ille
755 487 850 545 ferire
873 483 1025 544 cherncter
1043 505 1075 564 p.
1093 487 1172 560 882,
1204 505 1265 566 quo
1286 488 1335 548 28

235 573 369 633 Octobris
386 571 462 630 ferie
479 576 501 636 7
517 579 652 645 notetur,
675 590 744 632 oum
756 575 796 631 rit
808 573 964 652 perspicue
979 571 1092 644 luleus,
1113 572 1202 628 uniue
1222 572 1332 628 literne

230 661 395 717 mutatione
410 659 597 732 restituetur,
618 658 645 716 ri
655 675 710 735 pro
723 650 771 737 κη’
783 653 835 738 ιη’,
854 655 913 717 hoe
928 666 975 715 ert
990 658 1049 730 18,
1068 653 1224 715 rcrihutur.
1257 674 1334 712 nem

232 762 262 802 6.
273 744 309 802 il.
322 742 384 806 616
398 741 465 802 Ind.
483 741 504 808 4
518 743 580 802 ium
592 738 733 801 inchoate
745 761 806 802 une
820 762 890 801 cum
901 741 1036 802 Herculii
1047 744 1079 816 6,
1099 740 1202 820 cyclus
1215 741 1288 798 eolis
1298 741 1333 812 8,

232 827 279 886 lit.
304 826 386 887 dom.
407 830 451 886 E:
472 825 541 887 ideo
566 827 701 887 octobri·
725 829 765 890 18
786 827 862 886 feria
882 831 913 892 7.
954 823 1123 886 chronicon
1141 835 1244 883 eutem
1261 845 1333 882 curn

232 913 375 994 reliquiar
391 913 655 993 Hierosolymituni
673 911 787 971 excidii
807 911 917 972 eodem
930 912 1073 970 cretionis
1085 910 1136 969 filo
1148 920 1330 990 pertexeret,

232 1017 294 1056 non
310 1017 432 1058 neceroe
444 997 549 1058 hebuit
563 1017 662 1058 novoe
677 995 853 1058 ludiotionir
865 999 997 1077 annique
1016 997 1104 1055 titulo
1122 1014 1191 1054 eam
1207 995 1331 1053 chrum-

231 1102 315 1162 pere.
357 1082 412 1143 red
432 1103 501 1142 cnm
523 1081 607 1141 idem
628 1083 813 1163 Septembris
832 1080 872 1146 14
894 1081 1062 1142 indictione
1083 1078 1183 1140 edhuc
1198 1084 1219 1144 8
1235 1089 1333 1155 notet,

232 1168 323 1246 plene
349 1165 522 1225 indictionis
547 1166 668 1222 initium
689 1182 752 1224 non
771 1183 789 1220 6
810 1157 874 1221 hal.
896 1167 999 1243 Sept,
1030 1176 1065 1224 nt
1083 1167 1222 1246 Sceliger
1243 1167 1267 1224 1.
1291 1163 1335 1223 de

232 1248 360 1310 Emend.
383 1249 404 1314 5
427 1257 547 1322 monet,
569 1245 624 1308 red
648 1265 667 1306 6
691 1245 733 1311 24
752 1245 849 1306 ducit:
872 1249 987 1328 alioqui
1009 1244 1150 1330 τετᾶρτης
1168 1248 1334 1309 dicendum

231 1337 300 1396 fuit.
343 1332 488 1416 quioquid
516 1335 573 1408 rit,
601 1342 716 1392 certum
737 1341 783 1392 ert
803 1334 1013 1412 Hierosolymo
1037 1343 1123 1412 cepte
1146 1355 1175 1391 e.
1200 1336 1233 1394 G.
1254 1334 1330 1409 616,

232 1418 340 1480 indict.
358 1425 388 1494 8,
410 1439 489 1478 enno
502 1419 634 1477 Heraclii
645 1416 676 1480 6.
718 1417 892 1497 Sigehertne
907 1415 1074 1476 etiannum
1086 1415 1145 1477 hoc
1157 1419 1247 1477 refert
1256 1423 1332 1485 617.

234 1504 289 1568 red
309 1502 392 1588 quod
411 1505 568 1564 biennium
585 1500 737 1562 interdum
750 1501 860 1563 addere
871 1504 963 1581 colet,
985 1521 1082 1563 onum
1097 1505 1163 1564 einr
1177 1506 1219 1568 17
1231 1515 1333 1563 notter

234 1603 280 1652 ert
297 1593 349 1656 16.

318 1696 349 1757 p.
363 1677 405 1740 17
415 1695 446 1734 v.
458 1677 490 1739 9.
532 1667 695 1754 Σέρβαρον
706 1665 898 1754 ἡγούμενον]
919 1691 939 1729 6
950 1671 1080 1733 Surhero
1096 1683 1214 1753 ceptum
1226 1674 1336 1734 urbem

233 1762 321 1821 illem
340 1781 406 1820 eree
421 1761 568 1819 concentit
580 1768 611 1817 et
621 1755 730 1816 Chron.
744 1759 853 1836 Alex„
875 1759 997 1819 temetsi
1012 1757 1047 1818 id
1063 1759 1215 1819 Remum
1228 1761 1333 1820 hecn-

233 1851 294 1908 tiue
307 1847 425 1922 tribuit,
447 1855 481 1905 ut
498 1855 585 1904 enter
599 1845 781 1903 notavimus.
1081 1920 1083 1923 Ι

319 1929 361 1990 ih.
377 1951 408 1989 v.
426 1933 475 1994 11.
517 1927 699 2008 Moliotoc]
718 1929 782 1988 imo
802 1925 966 2004 zecherin,
993 1935 1029 1986 ut
1050 1925 1200 1987 cedrenus
1221 1926 1331 1988 Theo-

234 2013 350 2098 phanes
367 2016 480 2096 aliique
496 2033 601 2076 omnes
614 2023 762 2074 urserunt.
794 2011 833 2072 de
847 2031 908 2096 qun
920 2033 952 2072 ne
965 2013 1057 2092 punlo
1073 2024 1142 2093 port
1156 2033 1289 2092 egemus.

319 2101 360 2160 11.
385 2121 416 2162 v.
440 2101 491 2166 13.
534 2091 628 2166 tlorlv
644 2093 836 2182 Ἦρᾶκλεως]
864 2101 962 2178 primu
987 2096 1065 2157 hoec
1084 2111 1130 2158 eet
1149 2100 1283 2158 Heraclii
1299 2101 1335 2157 in

234 2188 388 2247 Orientem
401 2183 569 2266 expeditio;
587 2187 672 2246 cuine
683 2195 799 2244 certum
813 2203 928 2244 mnnm
943 2183 1068 2243 definire
1080 2204 1189 2265 operae
1203 2188 1335 2266 pretium

234 2284 282 2332 eet
300 2271 339 2331 ed
356 2273 487 2332 Heraclii
503 2269 670 2332 historiam.
713 2269 868 2330 (ledrenne
887 2289 923 2328 ec
938 2268 1143 2350 Theophanes
1158 2289 1186 2330 e.
1202 2271 1337 2330 llereolii

235 2360 278 2420 11
308 2367 522 2438 treuoportntor
553 2357 639 2416 eiunt
662 2375 703 2416 ex
724 2357 847 2436 liurope
869 2356 903 2414 in
923 2357 1031 2414 Arium
1050 2357 1211 2416 exercitur.
1255 2375 1335 2414 nnnc

236 2440 346 2501 deinde
359 2441 511 2528 coquenti,
532 2436 591 2501 hoc
605 2449 651 2502 ert
663 2441 795 2502 llereolii
810 2443 864 2516 12,
886 2441 1034 2500 celebrato
1045 2439 1205 2520 peeohute,
1225 2443 1335 2520 poetri-

236 2525 286 2584 elie
301 2526 356 2584 rub
371 2545 528 2605 vesperum
550 2535 651 2584 contre
665 2528 774 2586 Perseo
788 2527 972 2606 profectum,
992 2527 1095 2585 relicte
1108 2529 1195 2586 Bono
1211 2529 1332 2606 patricio

236 2620 267 2670 et
280 2611 385 2688 Sergio
399 2606 585 2690 patriarchae
599 2610 773 2692 (ipolitunee
785 2613 868 2671 urhir
880 2608 1025 2671 custodie.
1059 2621 1089 2670 et
1101 2610 1228 2693 quidem
1238 2631 1334 2671 annue

234 2695 288 2754 ille
310 2693 424 2775 duplici
444 2692 613 2754 charactere
632 2705 751 2756 notetur
771 2706 828 2755 ert.
870 2699 986 2777 primur
1001 2704 1047 2756 ert
1060 2695 1142 2776 epnd
1155 2694 1335 2772 cedrenum,

236 2784 289 2862 qui
302 2801 330 2840 u.
346 2781 475 2838 Herculii
491 2782 531 2843 12
545 2781 628 2858 Sept.
643 2784 664 2844 ll
678 2781 786 2840 ferient
799 2781 819 2844 6
837 2783 880 2839 rit
890 2781 1002 2856 iniere,
1024 2799 1085 2862 quo
1099 2779 1150 2843 (lie
1163 2781 1337 2862 Stephanae

233 2864 358 2948 quidum
381 2863 606 2924 Alexandrinus
628 2863 665 2924 (le
687 2866 906 2926 Saracenorum
927 2869 1055 2947 imperio
1076 2869 1224 2927 nonnulle
1246 2888 1337 2946 prue-

237 2949 327 3010 dixit.
359 2951 435 3010 ulter
450 2948 530 3030 apud
541 2947 765 3030 Theophanem
775 2954 923 3032 reperitur
932 2951 1040 3012 eodem
1052 2971 1133 3012 enno
1141 2954 1272 3011 llereclii
1285 2957 1333 3027 12,

236 3055 306 3096 curn
322 3039 381 3096 uit:
403 3030 499 3121 τούτῳ
513 3039 555 3140 epi
566 3035 624 3098 lm
638 3033 713 3116 μηνὶ
722 3030 880 3121 ’.16611116
896 3033 931 3111 δ’,
951 3031 1021 3100 lvo.
1034 3031 1070 3118 γ’,
1091 3038 1207 3112 τελέσας
1219 3035 1236 3099 ὁ
1246 3039 1332 3116 βασι-

235 3115 307 3194 λεύς
320 3116 491 3203 Ἡράκλειὀς
505 3143 562 3200 την
576 3116 685 3202 ἑορτὴν
701 3124 758 3184 roei
771 3113 873 3201 πᾶσχα
889 3116 1056 3205 66616ςῴ
1069 3121 1191 3205 δευτέρᾳ
1205 3121 1333 3200 §culm

234 3204 353 3285 lulonoo
378 3202 454 3268 rorol
477 3207 635 3286 llrpoltloe.
676 3207 790 3286 Aprili,
811 3209 925 3288 inquit,
946 3227 1067 3280 menee,
1090 3205 1139 3264 die
1158 3207 1194 3281 4,
1216 3203 1333 3284 perche

233 3290 304 3348 fuit.
346 3289 401 3349 sed
420 3289 503 3370 quod
521 3293 553 3348 in
570 3301 673 3352 noetro
695 3291 799 3352 codice
816 3303 862 3352 est
878 3286 947 3356 Ἱνδ.
965 3287 1003 3375 γ’,
1022 3291 1134 3350 melius
1148 3292 1182 3349 in
1194 3291 1334 3350 hliroelle

234 3372 303 3434 ind.
318 3376 371 3439 10.
401 3372 484 3433 huno
495 3393 608 3433 annum
622 3375 808 3442 (1111611621
823 3377 988 3436 Annalium
1003 3385 1106 3436 auctor
1117 3377 1229 3457 eliique
1239 3378 1335 3455 vulgo

234 3457 410 3539 chronologi
426 3469 601 3534 numerant,
623 3470 653 3519 et
673 3459 797 3542 quidem
819 3463 873 3521 ille
893 3460 1003 3522 lnrliot.
1018 3465 1056 3537 9,
1079 3481 1108 3520 ι.
1130 3463 1262 3520 Heraclii
1280 3465 1334 3525 12.

233 3564 340 3607 verum
362 3565 431 3604 cum
453 3563 548 3604 onnus
566 3547 697 3605 Heraclii
716 3550 753 3610 11
771 3566 841 3606 cum
858 3545 966 3608 Indict.
979 3553 1001 3614 9
1016 3547 1150 3626 coeperit
1164 3566 1191 3604 6.
1210 3545 1240 3605 d.
1258 3550 1333 3621 620,

234 3649 314 3691 enno
329 3633 387 3694 621
407 3649 477 3690 oum
492 3628 598 3689 lndict.
615 3634 655 3695 10
674 3628 831 3692 inchoetm
845 3643 893 3693 eet
913 3638 964 3698 12.
1007 3651 1101 3715 quere
1122 3651 1187 3691 non
1209 3635 1251 3695 12
1269 3633 1334 3689 lle-

234 3717 335 3791 reclii,
365 3715 420 3775 recl
454 3721 490 3780 11
521 3716 660 3775 convenit
686 3715 799 3795 porche
824 3719 896 3778 enni
924 3721 999 3784 621.
1050 3720 1115 3777 iem
1143 3736 1172 3776 6.
1200 3718 1235 3776 (l.
1258 3718 1334 3793 621,

234 3803 319 3882 cyclo
336 3801 409 3860 rolin
424 3797 480 3875 14,
503 3801 550 3860 lit.
564 3799 646 3861 dom.
662 3803 709 3878 D,
731 3804 816 3883 Sept.
832 3807 853 3867 8
874 3805 950 3864 ferie
965 3805 1002 3881 6,
1023 3806 1078 3885 qni
1096 3803 1336 3862 6616666116-

235 3887 319 3944 ruclii
330 3905 391 3944 non
408 3889 457 3959 12,
469 3883 524 3945 red
538 3887 588 3950 11.
630 3885 738 3948 eodem
750 3909 829 3948 anno
843 3891 921 3970 cycli
931 3888 1083 3970 paschelir
1095 3898 1160 3947 eret
1170 3907 1268 3946 ennne
1285 3884 1335 3964 14,

232 3971 420 4030 novilunium
445 3967 586 4050 puechole
608 3976 629 4036 8
650 3969 713 4031 hul.
734 3977 825 4052 Ape,
845 3979 992 4036 tenninur
1006 3973 1157 4055 paschalis
1174 3971 1255 4052 prid.
1272 3970 1336 4031 eid.

231 4057 317 4134 Apu,
340 4053 500 4115 dominica.
542 4053 611 4116 ideo
626 4053 839 4119 diffundendus
854 4057 1095 4124 dieein18kel.
1109 4060 1218 4118 116166.
1262 4075 1335 4136 ergo

234 4137 275 4202 19
293 4141 367 4216 Apr.
394 4137 507 4219 parcho
526 4142 720 4202 celebratum.
763 4143 1080 4207 614116666661661
1094 4144 1162 4203 fuit.
1205 4141 1291 4201 idem
1304 4151 1334 4200 et

233 4241 274 4282 ex
285 4223 415 4286 Maximi
428 4221 570 4288 monachi
584 4239 723 4309 computo
736 4229 878 4312 colliges,
900 4249 993 4316 quem
1006 4232 1047 4293 iic
1058 4229 1245 4312 temporibus
1257 4227 1333 4290 666·-
