3017 4817
237 303 290 378 92
331 291 1013 390 Qumcuuuaxrmrr.‘mns1cs
1036 303 1255 372 blOlll'l'Ull.

239 475 349 536 inisset
368 485 399 534 et
419 474 507 552 linis3
536 484 568 534 et
586 485 735 556 quantun
752 474 819 555 ipse
839 473 1003 554 imperator
1022 471 1082 530 fuit
1103 473 1138 531 in
1160 468 1360 532 debellandis

241 563 343 621 Persis
356 561 445 620 fortis
462 571 493 620 et
508 581 669 637 aroensus,
689 571 810 620 tantm
832 561 925 618 etiam
943 557 982 617 de
999 554 1234 618 blahumedanis
1253 561 1359 640 repri-

239 643 378 723 mendis,
399 649 503 706 statim
514 666 550 706 ao
560 648 594 706 in
606 647 773 727 perniciem
784 641 949 705 christiani
961 645 1094 728 nominis
1107 663 1266 726 erumpere
1279 665 1361 704 ooe·

239 742 365 813 perant,
386 733 535 793 sollicitus
557 729 736 793 exstitisset!
780 751 888 791 rerum
909 728 992 812 quod
1011 727 1050 788 ad
1069 727 1207 790 Pisidam
1223 741 1358 811 spectet,

240 835 319 900 quae
343 819 409 898 ipse
433 817 522 878 nobis
540 815 593 876 bie
613 819 722 894 refert,
747 810 899 896 αὐτόπτης
919 812 1045 898 quidem
1057 826 1175 874 narrat:
1195 815 1256 874 ruit
1268 819 1358 876 enim

241 921 343 962 eomes
362 903 495 962 lleraolii
514 905 547 961 in
566 901 625 961 hae
638 905 737 984 prima
752 900 963 983 expeditione,
988 911 1023 961 ut
1041 921 1083 960 ex
1098 903 1191 961 variis
1204 902 1279 962 loeis
1292 899 1359 960 ha-

241 1007 344 1047 rumoe
364 990 540 1051 Aomaseere
563 997 647 1068 petet
674 989 849 1048 clarissime.
893 1007 986 1070 quare
1009 1006 1072 1046 non
1091 985 1212 1047 ridetur
1230 989 1260 1046 ei
1275 985 1357 1047 tides

241 1071 420 1153 deneganda
441 1076 475 1134 iu
499 1075 538 1134 iis
555 1093 634 1156 quae
650 1075 683 1132 in
701 1075 801 1153 primo
816 1073 897 1132 bello
910 1073 1030 1132 Persioo
1045 1081 1110 1132 aeta
1124 1075 1219 1133 fuisse
1232 1093 1357 1132 merno-

242 1169 299 1222 rat.
342 1169 421 1219 terte
443 1157 668 1240 Theophanes,
690 1159 744 1242 qui
758 1177 807 1218 res
823 1157 861 1218 ab
875 1157 1016 1216 lleraelio
1033 1169 1133 1236 gestae
1149 1161 1354 1241 persequitur,

242 1259 307 1303 non
318 1240 409 1304 modo
423 1253 534 1306 testem
546 1241 670 1304 adhibet
683 1240 838 1318 Pisidam,
860 1239 916 1303 sed
931 1241 1068 1302 eiusdem
1078 1241 1171 1301 verba
1184 1253 1215 1302 et
1227 1253 1356 1304 senten·

244 1331 303 1389 ties
317 1332 456 1390 inertem
472 1351 538 1390 rem
549 1331 691 1391 transfert
699 1339 785 1388 tanta
795 1327 922 1405 fiducie,
946 1340 981 1389 ut
1000 1329 1065 1388 eius
1084 1330 1216 1407 integros
1233 1329 1355 1390 iambos

244 1434 317 1475 snae
342 1417 507 1476 narrationi
526 1418 665 1476 intexere
688 1426 779 1496 etque
799 1433 943 1474 eonsuere
965 1431 1029 1474 non
1046 1411 1245 1489 dubitaverit;
1269 1413 1356 1497 quod

244 1520 286 1560 ex
302 1503 412 1561 nosuis
426 1499 669 1561 adnotationibus
683 1501 735 1560 fiet
749 1501 957 1561 menifestum.
997 1499 1133 1576 bellum,
1154 1499 1237 1582 quod
1248 1499 1354 1560 Pisida

245 1583 401 1662 describit,
426 1607 520 1667 prope
537 1587 612 1646 fines
626 1589 764 1646 Persidos
779 1587 859 1645 ultra
871 1596 1009 1645 montem
1021 1587 1176 1662 Taurum,
1199 1603 1279 1646 anno
1289 1589 1354 1644 im-

243 1673 322 1752 perii
334 1674 467 1732 Heraclii
481 1674 538 1748 12,
560 1671 672 1733 christi
683 1675 748 1737 622
764 1682 865 1730 aetum
882 1681 938 1734 est.
981 1671 1121 1730 Heraclio
1135 1681 1238 1730 autem
1249 1675 1283 1730 in
1297 1691 1353 1730 ur-

243 1757 317 1816 bem
325 1767 396 1836 post
405 1777 521 1816 annum
530 1777 652 1817 reverso
660 1769 764 1816 noster
776 1759 938 1836 Georgius,
963 1759 1017 1836 qui
1029 1758 1240 1836 imperatorem
1251 1758 1356 1816 fixerat

244 1853 383 1917 uentus,
403 1839 443 1901 de
463 1858 496 1902 te
516 1841 646 1902 felioiter
667 1852 753 1922 gesta
772 1839 832 1901 hoo
852 1844 1001 1922 tripartito
1022 1843 1144 1918 libello,
1165 1851 1199 1900 ut
1219 1840 1354 1919 videtur,

244 1928 412 2006 gratulatus
433 1938 495 2002 est,
525 1945 619 2010 quem
637 1929 671 1986 in
687 1927 815 2008 plenum
836 1947 909 1987 suae
929 1945 1002 2008 erga
1022 1929 1125 2008 ipsum
1144 1927 1354 1988 observantiae

242 2015 438 2094 veritatisque
458 2015 668 2074 testimonium
680 2015 715 2073 ei
737 2014 836 2075 laetus
856 2013 983 2072 obtulit:
1015 2016 1059 2073 ait
1081 2015 1164 2074 enim
1185 2016 1311 2077 Aaou.
1332 2017 1354 2078 3

243 2100 325 2162 379:
347 2099 397 2162 oei
417 2091 509 2163 τόνδε
526 2095 652 2163 nimie
670 2097 823 2178 στέφανον
835 2097 868 2174 ἐξ
884 2093 1040 2180 ἀκηράτου
1054 2103 1202 2178 λειμῶνος
1215 2096 1285 2181 ἄρτι
1297 2103 1355 2179 τῆς

244 2177 393 2263 dietrice
407 2183 501 2266 piper.
543 2196 635 2267 etque
655 2183 732 2246 baeo
752 2183 893 2266 quidem,
915 2195 950 2244 ut
962 2185 1024 2242 elia
1036 2185 1182 2264 plurima,
1204 2193 1354 2267 nonpet'e-

244 2271 304 2328 tioe
328 2278 463 2346 batum,
484 2268 540 2330 sed
559 2289 707 2352 pompose
726 2267 886 2351 splendide
906 2281 937 2330 et
955 2273 1172 2352 πανηγυρικῶς
1189 2267 1271 2331 dieta
1289 2291 1354 2332 esse

243 2355 335 2414 iaeile
359 2357 490 2436 quisque
514 2358 675 2436 intelliget.
717 2375 770 2432 ao,
792 2366 827 2416 nt
843 2375 913 2414 mea
928 2356 1019 2436 plane
1039 2365 1085 2416 est
1101 2361 1268 2434 sententia,
1290 2361 1353 2417 sire

244 2442 404 2500 materiem
425 2445 489 2502 sire
508 2443 641 2502 fonnem
661 2453 780 2522 speetes
802 2443 919 2522 operis,
949 2443 1149 2524 panegyricus
1175 2443 1301 2502 inseribi
1324 2454 1356 2502 et

245 2527 347 2587 reeeri
364 2528 472 2586 merito
492 2537 595 2607 posset
609 2525 670 2588 hoo
681 2529 867 2607 poemation.
909 2527 1056 2586 nimirum
1068 2529 1133 2586 iem
1147 2525 1202 2586 diu
1216 2539 1288 2589 aute
1300 2531 1356 2588 Pi-

246 2607 345 2668 sidam
356 2613 389 2668 in
399 2630 485 2670 mone
500 2623 654 2690 reeeptmn
667 2623 732 2672 eret
745 2625 780 2672 ut
791 2620 911 2692 potitae,
924 2613 1036 2693 quibus
1050 2611 1090 2671 ad
1103 2614 1231 2692 longum
1244 2635 1357 2695 poema

246 2692 466 2754 oonfieiendum
488 2713 576 2774 pares
595 2699 676 2755 vires
694 2713 759 2755 non
779 2707 879 2772 erant,
901 2699 1053 2776 poematia
1070 2698 1251 2776 seriberent,
1278 2721 1355 2782 qnae

245 2777 427 2840 modestiore
439 2781 528 2840 titulo
543 2791 649 2840 ornata
658 2784 876 2862 panegyricos,
898 2785 1037 2840 currerim
1048 2793 1078 2839 et
1088 2781 1182 2841 silvae
1194 2787 1356 2845 vocabant.

244 2863 337 2924 fidem
349 2865 465 2925 feriunt
477 2865 559 2946 apud
569 2869 694 2928 Latinos
706 2869 802 2928 silvae
815 2869 914 2944 Statii,
937 2870 1021 2927 varia
1033 2869 1167 2926 earmina
1182 2870 1354 2946 Claudiani,

244 2961 276 3010 et
286 2953 486 3031 panegyricam
501 2953 640 3033 Gorippi3
663 2972 741 3034 quae
757 2957 859 3012 omnia
874 2973 983 3033 perum
996 2963 1049 3012 aut
1062 2951 1141 3011 nihil
1160 2952 1302 3015 differrmt
1312 2957 1354 3015 ab

245 3039 417 3098 aeroasibus
435 3036 567 3098 Pisidae.
612 3034 760 3121 deperires·
775 3039 900 3122 quidem
915 3039 1036 3119 proprie
1051 3049 1141 3099 sonat
1155 3039 1356 3114 auserslte'tio,

244 3142 366 3202 perraro
387 3133 491 3182 tamen
512 3122 589 3183 haee
602 3145 664 3184 vox
676 3146 713 3184 eo
727 3145 819 3185 sensu
836 3135 978 3205 usurpata
993 3126 1155 3183 invenitur.
1200 3137 1231 3186 et
1246 3126 1357 3208 sophi-

245 3217 318 3282 stae,
339 3228 411 3266 oum
423 3207 499 3289 quid
510 3229 658 3290 magnum
671 3231 704 3271 se
716 3231 783 3271 esee
800 3210 931 3272 dicturos
943 3211 1167 3291 pollioerentur,
1190 3207 1357 3296 «inperiosus

244 3291 434 3374 διαγγέλλειν
454 3302 674 3373 eternitatem,
698 3296 776 3377 quid
794 3297 937 3378 dignum,
960 3295 1042 3376 quod
1062 3295 1233 3370 wdueuar,
1255 3320 1357 3358 euroe-

245 3379 327 3435 es'are
341 3388 371 3435 et
381 3379 500 3436 tradere
511 3377 703 3442 dioebontru:
725 3381 807 3442 unde
820 3393 905 3462 patet
916 3377 1078 3462 ἀκροάσεις
1091 3381 1186 3441 fuisse
1200 3383 1358 3465 sophista·-

246 3483 314 3521 rum
343 3463 575 3524 &cmm
607 3479 638 3526 et
662 3465 701 3526 de
727 3488 908 3550 quaeamque
927 3489 959 3527 re
980 3467 1113 3526 illustres
1137 3473 1357 3548 expositiones,

247 3546 330 3630 quod
348 3551 409 3608 late
432 3548 653 3612 demonstratur
668 3572 687 3611 a
703 3554 848 3614 cresollio
864 3557 897 3612 in
917 3553 1044 3612 rtem
1061 3553 1096 3611 V
1090 3562 1128 3610 et.
1145 3555 1239 3614 Rlset.
1259 3555 1314 3616 lib.
1334 3562 1358 3622 2

247 3655 274 3692 e.
290 3633 323 3698 5.
366 3633 422 3696 sed
440 3633 524 3697 buno
543 3639 635 3718 plane
646 3639 771 3698 titulum
784 3637 923 3698 adhibuit
934 3637 1054 3714 Pisida,
1075 3657 1137 3696 non
1151 3639 1235 3720 qrrod
1247 3641 1358 3723 sophi-

244 3731 359 3780 starum
376 3742 462 3782 more
482 3725 599 3803 ingenii
620 3727 669 3784 sni
689 3727 769 3785 vires
783 3726 960 3801 extolleret,
982 3723 1037 3785 sed
1055 3721 1139 3804 qnod
1150 3725 1270 3786 iamdiu
1282 3747 1357 3789 ustas

243 3807 412 3867 invaluerat
430 3818 464 3868 ut
486 3808 662 3869 huiumodi
674 3814 826 3890 poematia
841 3805 1017 3894 inperium,
1038 3807 1071 3867 id
1089 3819 1135 3868 est
1150 3815 1356 3886 medabena,

243 3903 437 3968 vomuntur,
460 3913 496 3955 eo
511 3897 585 3976 quia
599 3915 690 3977 saepe
704 3899 738 3957 in
749 3915 861 3977 magna
875 3897 982 3978 populi
995 3895 1185 3976 frequentia,
1208 3909 1240 3958 et
1252 3919 1356 3960 ooram

245 3978 283 4036 iis
298 3975 338 4036 ad
350 3997 427 4060 quos
440 3978 547 4042 laudes
559 3983 644 4062 ipsae
656 3983 865 4062 pertinebant,
886 3981 1097 4042 recitabantur.
