3017 4817
568 294 776 365 tcttotsut
800 295 842 364 Π.
1185 296 1257 368 157

156 473 318 523 certarunt.
360 460 429 523 ride
451 459 692 543 Theophanem,
713 463 944 523 constantinum
959 460 1203 545 Porphyrogen.,
1224 474 1256 524 ιι

154 548 316 609 (lodiuum.

242 637 293 699 36.
335 630 501 693 factionum
514 634 665 693 maeniana
679 630 821 693 describit
833 634 998 713 Procopius
1012 632 1049 691 de
1063 630 1153 689 Bello
1167 634 1253 690 Pers.

240 805 293 867 41.
336 804 445 865 allusio
455 814 501 863 est
516 800 555 863 ad
569 822 681 863 nomen
695 803 813 879 Gelani,
827 800 939 862 medici
952 802 1138 861 celeberrimi
1140 820 1256 902 ,quam

154 890 188 947 in
209 892 363 963 versione,
386 888 517 949 detracto
538 890 605 947 relo
625 889 801 993 allegoriae,
824 886 1059 946 denudavimus·
1081 888 1203 945 sienim
1218 884 1258 945 ad

153 974 282 1033 verbum
301 972 466 1033 reddentur
482 994 572 1034 voces
594 966 695 1055 λιπρὸς
714 975 828 1054 κυρλιις
840 974 987 1056 γαληνλας
999 993 1066 1032 vere
1081 971 1258 1051 tranquelli-

154 1060 227 1116 tutie
249 1058 395 1131 medicus,
416 1062 514 1119 omnis
535 1078 641 1119 sensus
661 1060 845 1119 concinnitas
864 1060 961 1139 perit,
985 1078 1063 1141 quae
1082 1076 1123 1115 ex
1144 1054 1258 1137 duplici

154 1144 237 1201 vocis
249 1145 393 1249 γαληνλιις
405 1144 620 1223 significatione
636 1146 737 1204 oritur.

240 1226 292 1293 42
336 1222 477 1305 ἆιοξλον,
506 1226 619 1288 ordinis
638 1226 808 1302 defectum,
829 1236 865 1285 ιιι
887 1226 1027 1286 morbum
1045 1226 1257 1306 pestilentissi-

152 1330 239 1370 mum
255 1310 395 1373 describit
409 1314 446 1373 de
459 1314 578 1392 Exped
597 1318 619 1377 2
638 1316 691 1376 29.
734 1332 834 1391 neque
859 1312 947 1370 aliter
965 1310 1163 1390 intelligenda
1187 1320 1258 1371 sunt

154 1416 232 1477 quae
248 1398 420 1477 leguntura
437 1419 468 1458 ι.
481 1396 523 1461 49
542 1395 625 1455 adv.
640 1401 681 1461 62
696 1397 733 1456 de
747 1396 831 1455 Bell.
846 1395 948 1453 Ahar.
970 1391 1153 1477 ἆριηρλοιι”
1133 1416 1256 1459 accuses

153 1484 279 1541 arteriae
290 1502 353 1542 non
368 1501 429 1542 una
440 1501 498 1541 nec
510 1492 590 1541 recta
605 1482 775 1561 pulsatione
788 1491 972 1556 constantes,
994 1480 1049 1539 sed
1062 1500 1190 1562 quarum
1204 1483 1254 1539 in-

153 1568 288 1647 aequalis
307 1577 352 1626 est
367 1568 491 1649 pulsus,
512 1567 683 1627 formicanti
696 1567 877 1641 consimilis,
900 1568 952 1647 qui
968 1567 1089 1625 Graecis
1103 1567 1255 1646 μυρμηιιί-

153 1654 212 1726 ζων
230 1650 349 1713 dicitur.
392 1654 495 1713 confer
511 1672 588 1735 quae
608 1650 681 1713 dicit
698 1658 789 1734 potita
803 1655 836 1711 in
850 1649 974 1711 landem
992 1651 1092 1731 Sergii
1104 1652 1138 1709 irs
1145 1652 1250 1729 princ.

151 1738 300 1797 Hexoi'm.

237 1822 289 1888 46.
332 1820 409 1881 haec
428 1824 529 1882 omnia
547 1820 712 1883 secundum
732 1819 884 1881 medicam
902 1822 1059 1881 scientiam
1074 1820 1250 1899 dictasunt,

153 1927 188 1967 ιο
217 1909 300 1968 facili
309 1911 442 2010 negotio
466 1910 534 1989 quis
557 1911 653 1988 possit
678 1927 713 1966 ea
741 1926 812 1966 cnm
833 1907 941 1965 Galeni
962 1910 1080 1987 scriptis
1104 1909 1251 1967 conferre.

149 1986 237 2057 τόνοι
264 1988 428 2072 σιύφοντις
448 2004 519 2053 sunt
541 1991 673 2053 mmedia
691 2012 769 2075 qnae
788 2012 830 2051 ex
842 2012 875 2051 ιι
864 1991 1086 2096 a’dstringenti
1097 2012 1206 2052 nervos
1219 2004 1251 2053 et

150 2079 239 2137 fibras
257 2077 435 2139 intendunt:
465 2076 612 2159 quidquid
633 2080 715 2137 enim
734 2076 866 2136 deiectas
884 2079 964 2137 vires
984 2079 1096 2153 reficit,
1125 2074 1212 2150 τόνος
1232 2098 1250 2138 a

149 2164 265 2223 Galeno
287 2174 420 2225 vocatur.
463 2172 494 2221 at
515 2162 617 2221 Pisida
635 2162 709 2221 dum
723 2161 800 2221 haec
814 2160 931 2221 medico
944 2181 1029 2221 more
1042 2174 1164 2239 uectat,
1185 2168 1250 2222 ile-

150 2250 236 2307 raalai
258 2246 521 2309 mansuetudinem
543 2247 662 2307 Phocae
684 2250 797 2309 feritati
818 2268 969 2327 opponere
990 2250 1150 2327 intelligit:
1177 2270 1251 2308 nam

148 2353 220 2393 vere
238 2332 288 2393 hic
307 2336 449 2393 sectiones
466 2344 496 2391 et
512 2336 732 2411 amputationes
750 2344 821 2393 sunt
844 2330 967 2409 caedes,
990 2344 1020 2392 et
1041 2334 1173 2393 remedia
1192 2334 1252 2393 cd·

147 2422 327 2499 stringentia
340 2430 411 2479 ιιιιιι
425 2438 555 2477 οιιοιιιι
563 2419 704 2499 ,quibus
721 2420 862 2477 utebatur
875 2420 1112 2480 immanissimus
1124 2419 1252 2497 Pho'cas,

149 2508 235 2565 cuius
249 2516 332 2563 tanta
345 2506 487 2563 finitin
462 2524 542 2563 cares
557 2502 728 2579 crudelitas,
748 2515 825 2563 teste
836 2502 1025 2583 Theophane
1032 2527 1070 2584 p
1062 2500 1203 2581 .”244,
1176 2526 1253 2569 oasa

149 2588 292 2695 ὁπηνίκα
292 2586 464 2671 Ἡράκλειος
471 2588 680 2697 ἒβαολλιρισιν,
702 2588 835 2665 ἐξέτασιν
850 2612 906 2653 soc
893 2588 1077 2655 ὁπλιτικοῦ
1090 2586 1252 2671 ἐποιήσατο

149 2674 195 2749 εἰς
214 2699 249 2739 το
242 2668 406 2757 αἰιριβές,
430 2674 481 2737 καὶ
502 2674 536 2737 ἐκ
552 2670 653 2779 πάσης
667 2678 721 2755 τῆς
725 2670 925 2781 πληθύος
886 2698 941 2755 της
955 2672 1134 2783 ὁραθελρηρ
1132 2676 1233 2739 tut·
1194 2700 1252 2758 της

148 2762 328 2863 τυραννίδος
335 2760 500 2866 Μαυριιιλιο
508 2782 581 2839 paru
573 2754 734 2843 Φωιᾷ’
695 2783 751 2861 ουχ
765 2754 852 2841 εὗρεν
864 2759 1030 2865 περαιτέρω
1043 2757 1100 2825 tirio
1113 2755 1249 2864 ιῖνδριᾶν·

149 2840 247 2919 οὕτως
270 2846 302 2909 ol
323 2868 377 2907 ιον
400 2840 551 2925 τύραννον
576 2840 817 2924 προστησάμενοι
841 2843 892 2908 ἐπὶ
916 2839 1014 2907 ariaoai
1037 2840 1251 2925 ἆνηλόθησοι.

150 2928 233 3011 quod
251 2928 333 2989 idem
353 2926 559 3008 Theophanes
580 2932 687 3007 repetit
693 2951 731 3006 p
724 2931 820 2993 ..246
864 2930 1066 2988 atlleraclius
1080 2941 1181 2989 contra
1194 2950 1252 3009 pa·

150 3018 193 3074 cis
208 3014 306 3075 studio
326 3014 433 3075 ductus
449 3016 585 3073 omnium
599 3032 733 3072 amorem
747 3015 807 3073 sibi
820 3014 978 3073 conciliare
994 3018 1120 3092 sategit,
1142 3026 1171 3073 et
1188 3014 1251 3075 hu·

150 3103 302 3161 manitatis
321 3120 356 3159 ac
375 3100 551 3159 clementiae
567 3100 598 3157 ri
612 3100 724 3157 civium
738 3102 855 3159 animos
865 3100 1014 3157 intestinis
1030 3098 1108 3159 odiis
1118 3102 1250 3179 flagran-

149 3196 196 3246 tes
213 3174 413 3267 com'pescuit3
437 3183 519 3265 quod
536 3181 660 3264 quidem
672 3182 775 3243 Pisida
792 3186 864 3243 satis
880 3183 959 3242 clare
975 3185 1174 3263 explanarit'
1166 3206 1199 3245 m
1214 3206 1251 3247 ea

150 3275 292 3331 concione
307 3275 339 3331 in
354 3290 413 3354 qua
427 3272 601 3331 Heraclium
615 3270 820 3351 alloquentem
833 3269 945 3329 milites
955 3266 1072 3331 inducit
1083 3270 1246 3350 deErped.

234 3398 290 3505 46.
333 3442 469 3501 similia
456 3462 488 3500 m
498 3442 598 3521 princ.
612 3440 788 3501 Hanniba'
778 3462 812 3500 ιιι
825 3439 949 3501 laudem
959 3441 1070 3521 Sergii.

235 3524 287 3591 48.
329 3546 390 3585 non
417 3526 539 3587 obscure
563 3546 663 3609 neque
683 3528 886 3606 ineleganter,
908 3538 943 3586 ιιι
957 3527 1092 3603 ridetur,
1112 3530 1249 3589 imitatus

149 3623 197 3673 est
217 3611 445 3671 celeberrimum
466 3614 642 3691 apologum,
665 3632 725 3693 quo
744 3615 903 3672 Menenius
922 3615 1056 3692 Agrippa
1071 3611 1111 3671 od
1125 3615 1248 3693 plebem

149 3700 183 3757 iu
198 3698 306 3757 urbem
321 3695 519 3756 revocandam
534 3718 606 3757 usus
623 3708 686 3757 est:
710 3701 799 3757 sicuti
813 3701 909 3773 enim,
931 3699 1031 3757 aiebat
1046 3698 1119 3771 ille,
1141 3718 1250 3777 corpus

148 3782 335 3857 Ιιιιιιιιιιιιιιι,
359 3784 385 3840 si
397 3792 478 3841 artus
493 3785 620 3843 interae
637 3781 825 3858 discordent,
844 3785 992 3863 paulaum
1015 3782 1185 3857 conficitur,
1207 3786 1251 3842 ita

149 3889 198 3929 res
220 3869 356 3949 publica,
378 3870 437 3927 nisi
458 3866 597 3927 ordinum
617 3888 736 3927 sanusne
751 3872 790 3928 sit
803 3871 978 3942 consensio,
1000 3864 1149 3926 discordia
1162 3870 1252 3947 perit,

149 3952 310 4013 concordia
334 3953 425 4011 valet.
478 3951 547 4013 vide
570 3956 694 4013 nivium
717 3959 738 4019 2
759 3958 802 4019 32
830 3966 860 4013 et
879 3956 1006 4032 Dionys.
1031 3953 1130 4010 Ilalic.
1155 3956 1175 4015 6
1196 3955 1250 4027 86,

149 4060 204 4149 qm
194 4039 393 4097 Menenium
408 4038 451 4095 ite
464 4056 606 4098 exorsum
618 4050 736 4098 narrat:
763 4038 841 4101 ἔοικέ
856 4063 922 4112 πως
936 4034 1121 4139 ἆνθρριπιλρι
1135 4032 1252 4118 σοι’μαιι

148 4121 283 4205 sindica·
306 4118 458 4187 sivones
470 4119 527 4205 peip
540 4123 590 4195 καλ
602 4124 635 4187 λιι
647 4127 767 4187 πολλῶν
782 4121 974 4207 μεροῖιλοιλι
986 4097 1137 4204 ἑκάτερον.
1180 4143 1250 4183 rere

147 4221 250 4269 autem
273 4206 375 4269 Pisida
398 4228 467 4267 cnm
490 4210 615 4268 Platone
640 4212 802 4284 consentit,
825 4210 879 4289 qui
897 4212 931 4267 in
956 4210 1130 4311 Ίὶλραιορι
1145 4213 1188 4274 70
1213 4206 1251 4269 dc

150 4298 283 4375 partibus
303 4294 430 4357 humaui
446 4296 577 4373 corporis
599 4296 725 4378 loquens
747 4297 896 4355 rationem
906 4296 939 4353 in
952 4296 1049 4376 capite
1061 4306 1205 4377 tanquam
1217 4296 1251 4354 iu
