3017 4817
436 280 691 347 nnscrrrrro
716 280 750 347 s.
775 280 967 349 sorsum
1178 240 1252 355 ³37

138 462 206 529 porr
222 442 372 520 oisioscsc
386 443 584 528 drrrisppisp
595 441 761 527 ἀρκεῖσθαι
775 444 902 530 &curros
916 444 1055 511 οἰκίσκον
1069 446 1251 532 πεπηγμὲνῳ

137 533 229 613 erpi·
259 535 379 616 σταυρῷ
407 543 463 591 etc.
517 531 614 590 forma
641 532 780 591 aularum
807 552 863 593 ssu
892 534 1054 609 cellarum,
1084 552 1159 615 quas
1173 532 1252 596 dixi

140 616 262 697 (serbis
285 627 357 677 utor
376 614 491 697 Gyllii)
514 618 634 695 cingere
652 628 815 699 utrumque
831 619 928 693 latus,
949 619 1019 679 tulis
1037 628 1093 679 est.
1136 638 1178 677 ex
1194 623 1251 678 tri·

139 702 198 761 bus
215 702 361 761 lateribus
380 704 467 761 sulae
483 700 646 782 quadratae
660 714 747 777 sunt;
772 723 814 762 ex
826 715 933 785 quarto
948 703 1042 762 latere
1055 700 1140 784 quod
1150 706 1253 764 intue-

138 798 191 846 tur
206 790 383 846 interiorem
401 786 484 847 aedis
500 798 635 867 partem,
657 788 787 867 figuram
798 790 907 868 templi
920 791 1074 869 sequitur,
1097 788 1179 869 quod
1196 790 1253 849 ob-

138 870 304 932 rotundam
324 874 417 931 efficit
441 874 570 953 pilarum
592 883 623 932 et
643 875 852 933 columnarum
873 873 1041 955 dispositio.
1089 876 1253 935 sustinetur

138 958 272 1015 arcubus
295 968 324 1015 et
348 960 496 1019 columnis
517 962 735 1019 concameratio
757 960 911 1035 aularum,
934 980 1064 1041 quarum
1083 959 1254 1021 describam

140 1042 293 1101 duntaxat
311 1054 388 1119 tres,
410 1044 520 1126 quibus
543 1046 670 1124 cognitis
693 1054 809 1103 ceterae
831 1064 936 1105 omnes
956 1046 1050 1105 simili
1068 1045 1167 1104 forma
1186 1066 1253 1105 esse

139 1139 371 1207 cognoscentur.
414 1132 559 1209 incipiam
572 1151 590 1189 a
603 1131 699 1189 tribus
715 1131 920 1210 superioribus
935 1133 1001 1190 sitis
1014 1134 1049 1191 in
1062 1132 1157 1192 latere
1171 1142 1253 1191 tem-

138 1214 185 1293 pli
203 1216 449 1293 septentrionali,
472 1234 600 1295 quarum
623 1218 721 1295 prima
743 1219 836 1275 estin
851 1217 963 1295 angulo
981 1219 1111 1275 intuenti
1128 1228 1254 1296 septen-

138 1302 273 1357 trionem
295 1310 325 1359 et
346 1303 502 1359 orientem.
547 1303 611 1359 eius
630 1300 689 1359 duo
709 1301 805 1360 latera
821 1304 973 1361 exteriora
989 1313 1115 1382 surgunt
1132 1322 1253 1361 amuro

139 1394 171 1443 et
186 1383 329 1443 desinunt
342 1387 375 1443 in
390 1404 504 1444 arcum.
547 1387 581 1445 in
592 1387 721 1445 laterum
732 1384 836 1446 medio
846 1387 1004 1448 columnae
1016 1397 1078 1447 tres
1089 1398 1161 1446 sunt
1175 1407 1254 1469 qua-

139 1467 246 1527 dratae
277 1471 345 1529 loco
372 1472 513 1550 parietis,
542 1490 653 1550 nempe
676 1468 877 1532 fenestrarum
898 1470 1090 1551 parastedes,
1124 1491 1254 1554 quarum

139 1574 251 1633 scapus
282 1553 375 1614 habet
405 1558 602 1635 perirnetrum
632 1558 768 1637 quinque
788 1556 902 1635 pedum
923 1568 954 1616 et
974 1560 1065 1619 unius
1088 1556 1254 1618 dodrantis.

138 1660 233 1719 supra
246 1638 370 1699 easdem
384 1646 518 1699 eminent
530 1642 607 1699 aliae
620 1652 680 1701 tres
694 1639 875 1722 quadratae:
895 1640 957 1701 bue
968 1662 1073 1704 omues
1085 1653 1156 1704 sunt
1168 1663 1254 1701 mar-

137 1729 233 1785 moris
261 1726 334 1785 alibi
358 1728 391 1785 in
415 1727 547 1787 colorem
568 1727 711 1805 glaucum
733 1729 895 1807 vergentis.
938 1728 1019 1789 latus
1042 1731 1195 1807 pertinens
1212 1724 1254 1787 ad

138 1813 316 1869 interiorem
343 1809 426 1871 aedis
450 1822 567 1891 partem
588 1810 681 1873 habet
701 1832 759 1872 sex
778 1814 934 1894 columnas
951 1811 1081 1888 virides,
1104 1814 1254 1874 subiectas

139 1900 224 1955 arcui
256 1898 419 1955 sustinenti
446 1910 583 1977 quartam
611 1909 728 1977 partem
756 1896 903 1977 sphaerae
924 1900 1095 1972 orientalis,
1124 1918 1254 1979 querum

137 1983 222 2040 imus
252 2000 361 2059 scapus
388 1984 536 2041 ambitum
557 1980 649 2041 habet
668 1996 786 2061 septem
805 1982 921 2063 pedum
941 1995 971 2043 et
991 1994 1057 2044 octo
1078 1980 1255 2061 digitorum.

137 2086 247 2124 earnm
258 2066 503 2141 intercolumnia,
527 2066 650 2148 diastyli
665 2067 860 2146 dispositione
877 2067 1034 2144 distincta,
1055 2070 1118 2127 lata
1135 2080 1255 2149 septem

138 2150 239 2231 pedes
262 2164 291 2209 et
310 2150 452 2211 undecim
473 2150 601 2229 digitos,
634 2155 746 2232 pluteis
769 2157 947 2213 muniuntur
965 2154 1160 2230 marmoreis,
1183 2154 1253 2213 altis

140 2246 286 2317 quattuor
313 2234 426 2315 pedes,
462 2238 572 2317 quibus
599 2239 809 2297 incumbentes
837 2236 943 2297 rident
969 2240 1144 2312 interiorem
1159 2236 1254 2301 ,aedis

137 2332 279 2402 purtem,
300 2332 361 2379 tarn
380 2322 531 2381 infernam
549 2341 643 2404 quern
658 2341 831 2401 supernam.
874 2323 954 2382 latus
970 2324 1161 2399 interiectum
1173 2325 1255 2385 inter

137 2410 273 2488 primam
293 2408 394 2466 aulam
418 2416 449 2465 et
472 2407 638 2466 secundam
661 2427 679 2465 a
699 2410 814 2487 pariete
834 2410 978 2467 exteriori
993 2418 1136 2488 tergente
1149 2406 1190 2467 ad
1202 2401 1256 2469 sess·

137 2494 361 2573 ptentrionem,
393 2512 489 2573 usque
510 2490 550 2551 ad
574 2494 668 2572 pilam
688 2512 834 2571 magnam
855 2496 1054 2555 sustinentem
1073 2513 1177 2557 arcum
1194 2490 1255 2554 hess

138 2574 335 2657 misphaerii,
367 2579 487 2656 largum
521 2588 566 2639 est
596 2576 797 2659 quadraginta
820 2588 962 2659 quattuor
980 2577 1092 2661 pedes,
1123 2600 1255 2661 quonnn

138 2674 260 2743 partem
285 2661 442 2742 possident
464 2664 558 2742 pilae,
581 2673 700 2743 partem
722 2683 809 2725 arom
828 2683 956 2743 surgens
969 2683 987 2723 a
1001 2674 1086 2743 tergo
1101 2667 1183 2745 pilae
1199 2686 1254 2725 su-

138 2752 257 2808 stinens
270 2746 544 2828 hemisphaerium
567 2768 627 2829 quo
641 2758 703 2809 toto
715 2760 848 2828 patente,
868 2749 932 2824 lato
944 2752 1033 2809 iuxta
1046 2754 1255 2829 perimentum

139 2836 250 2914 viginti
263 2832 376 2913 pedes,
398 2838 540 2893 transitur
557 2853 574 2892 a
591 2836 689 2914 prima
705 2836 776 2893 aula
792 2832 832 2893 ad
845 2832 1011 2896 sumundum
1025 2835 1137 2893 auinrn.
1180 2838 1255 2895 reli-

139 2939 236 3001 quam
248 2920 353 2978 lateris
367 2922 446 2977 inter
457 2922 589 2999 primam
602 2930 632 2979 et
646 2918 811 2979 secundam
823 2920 926 2979 autam
936 2918 1110 2983 intermedii
1124 2931 1252 2997 partem,

137 3006 235 3064 latum
252 3007 364 3084 viginti
377 3014 519 3085 quattuor
532 3003 641 3084 pedes,
664 3015 812 3085 occupant
822 3005 903 3086 pilae
916 3023 1003 3065 arcus
1017 3013 1050 3065 et
1064 3024 1169 3063 murus
1183 3024 1254 3063 sur-

140 3110 216 3169 gens
231 3092 318 3149 relut
333 3092 381 3149 ala
395 3110 491 3170 usque
508 3090 547 3149 ed
564 3094 855 3151 concamerationem
872 3085 1099 3169 hemisphaerii.
1142 3109 1253 3149 secun-

141 3176 197 3235 dae
210 3178 303 3234 aulae
318 3178 534 3235 connumeratio
551 3168 686 3235 extrariis
706 3178 871 3235 sustinetur
882 3176 1011 3235 arcubus
1022 3185 1053 3233 et
1067 3176 1253 3253 parietibus:

139 3260 245 3321 media
266 3280 338 3319 vero
358 3263 466 3320 nititur
485 3271 626 3342 quattuor
643 3262 792 3321 columnis
813 3262 891 3319 albis
905 3258 945 3318 ad
960 3261 1102 3338 glaucum
1120 3261 1253 3319 colorem

142 3344 374 3420 secedentibus,
397 3365 526 3427 quarum
545 3364 654 3426 scapus
668 3349 701 3405 in
716 3347 833 3405 ambitu
848 3346 1057 3425 complectitur
1067 3358 1184 3425 septem
1195 3366 1253 3425 pe-

143 3430 206 3491 des.
251 3430 386 3491 secunda
409 3434 472 3491 sive
492 3430 593 3491 media
617 3432 687 3491 auls
708 3430 855 3513 quadrata
879 3441 941 3506 est,
972 3433 1057 3490 cuius
1080 3430 1139 3489 duo
1158 3433 1255 3489 latera

144 3520 333 3577 sustinentur
347 3520 459 3597 partim
472 3520 567 3577 muris
582 3518 693 3597 partim
709 3517 853 3590 arcubus,
874 3536 1005 3597 quorum
1019 3518 1147 3575 alterum
1160 3534 1255 3576 cornu

141 3606 315 3661 nascitura
336 3613 420 3681 tergo
446 3600 573 3661 duarum
598 3622 778 3681 magnarum
801 3603 933 3681 pilarum
953 3603 1165 3661 sustinentium
1184 3620 1254 3659 ma-

142 3706 238 3766 gnum
261 3686 535 3767 hemisphaerium,
557 3689 686 3747 alterum
704 3690 869 3747 sustinetur
883 3688 954 3765 pilis
969 3688 1132 3745 orientibus
1148 3706 1189 3744 ex
1203 3688 1254 3743 in-

142 3776 246 3832 teriori
261 3785 346 3852 parte
363 3794 519 3833 murorum
535 3774 664 3833 clerium
679 3774 870 3833 fulcientium
886 3774 965 3851 pilas
980 3774 1119 3830 maiores.
1163 3769 1253 3829 huius

143 3856 294 3917 secundae
310 3862 374 3917 sire
388 3858 507 3919 mediae
519 3860 606 3918 aulae
622 3860 701 3917 latus
715 3860 847 3917 exterius
861 3857 928 3917 loco
943 3858 1066 3937 parietis
1080 3852 1173 3913 habet
1186 3865 1254 3915 octo

142 3944 301 4002 columnas
323 3944 499 4025 quadratas,
523 3964 651 4025 quarum
671 3946 834 4023 perirneter
850 3954 896 4002 est
910 3962 967 4001 sex
979 3940 1103 4021 pedum.
1145 3943 1255 4001 imes-

143 4048 215 4087 rnm
236 4027 338 4088 medio
362 4042 408 4090 est
428 4050 540 4110 magna
559 4032 640 4111 pila:
663 4031 913 4089 intercolumnas
931 4047 981 4086 eas
997 4023 1191 4105 purastsdum
1202 4029 1252 4085 vi-
1267 4038 1292 4093 Ρ
1310 4038 1363 4097 553

145 4133 216 4171 cem
239 4124 425 4193 praestantes
449 4126 519 4175 sunt
540 4116 701 4174 fenestras.
745 4125 900 4193 praeterea
921 4130 1011 4191 supra
1032 4108 1155 4171 easdem
1171 4113 1257 4171 colu-

144 4217 236 4257 mnas
259 4202 393 4259 existunt
414 4204 495 4281 pilae
517 4199 711 4280 parastsdum
733 4203 832 4260 vicem
854 4199 1032 4278 praebentes
1051 4198 1256 4276 superioribus

145 4283 304 4358 fenestris,
325 4304 403 4363 quas
415 4298 480 4345 tarn
492 4290 661 4367 superiores
675 4304 769 4367 quarn
780 4284 954 4361 inferiores,
974 4302 1103 4343 nurnero
1112 4282 1255 4359 sedecim,

191 4373 272 4431 Puni.
292 4376 380 4431 Sileni.
854 4414 858 4421 ·
1026 4372 1048 4432 7
