3017 4817
243 293 319 366 130
688 293 901 378 QUERGIUS

239 460 352 524 cuae
366 462 439 526 ere.
483 480 524 520 ex
539 459 679 520 omum
696 457 781 522 ιο...
800 429 969 522 ‚uuonan
989 460 1061 522 na.
1085 461 1183 543 nque
1200 458 1261 522 ι...
1283 463 1354 544 ps-

240 569 327 608 usum
336 547 452 606 bellum
464 547 643 622 Abaricurn‚
671 547 722 606 rei
739 549 841 628 potius
856 545 1115 628 depraedatoriam
1129 551 1351 624 incursionem,

241 643 340 694 sctum
354 651 434 706 esse,
462 653 533 692 curn
552 629 653 692 adhuc
666 633 823 692 Heraclius
846 635 879 692 in
902 633 975 692 urbe
997 643 1183 709 venaretur,
1215 653 1251 694 ac
1267 655 1350 694 anno

237 738 360 800 prorsus
372 719 493 796 imperii
511 719 595 778 illius
608 720 628 781 9
644 728 676 776 et
689 715 802 778 christi
816 720 888 794 619,
923 719 1041 779 uarnris
1053 721 1176 797 Pagius,
1199 739 1270 778 cum
1283 719 1349 780 dis·

239 803 371 864 sidentes
384 805 465 862 inter
479 823 514 862 se
529 806 719 882 cognovisset
730 814 911 862 auctommc
968 806 1027 862 uici
1036 801 1192 865 Pascbulis
1201 816 1231 864 et
1240 804 1349 864 Theo-

239 888 390 971 phanem,
418 891 452 946 in
471 908 585 946 anuum
605 890 668 954 621
683 887 717 946 id
734 887 932 948 reiicieudum
947 891 1107 968 putaverit.
1150 889 1207 949 sed
1220 888 1348 950 dubium

239 977 424 1036 sustulerunt
434 975 575 1034 Petavius
592 976 624 1031 in
645 975 726 1034 uotis
744 971 1000 1052 adlicephorum
1016 984 1046 1032 et
1058 977 1194 1034 biansius
1215 979 1248 1034 in
1267 979 1346 1036 notis

239 1059 280 1120 ad
294 1062 469 1120 baronium.
513 1053 720 1136 φιλόπλουτον
732 1055 822 1140 χάριν
844 1079 943 1118 annua
957 1079 1019 1118 nou
1037 1057 1129 1120 modo
1143 1061 1256 1119 tributa
1269 1081 1346 1140 peu-

240 1145 312 1208 ders
328 1145 478 1206 Aberibus
490 1165 554 1204 non
567 1145 741 1223 neglexisse
753 1145 945 1218 Heraclium,
967 1142 1127 1204 sedetiam
1144 1165 1271 1204 munera
1285 1149 1346 1204 mi-

241 1235 318 1292 sisse
338 1228 458 1288 ridetur
477 1226 528 1287 hic
553 1227 691 1288 adserere
709 1228 830 1288 Pisida:
860 1228 941 1288 unde
955 1227 1100 1290 ridendus
1114 1234 1196 1290 venit
1211 1235 1348 1310 superius

241 1326 426 1376 memoratus
439 1312 606 1390 amicat,
628 1318 682 1396 qui
696 1334 841 1396 cumque
854 1317 969 1374 ratione
982 1315 1019 1374 ab
1033 1311 1091 1374 hac
1104 1314 1230 1394 perfidis
1245 1327 1347 1376 contra

242 1398 417 1462 Heraclium
431 1419 501 1459 suos
515 1403 642 1460 Hunnos
656 1397 851 1475 defenderet,
881 1420 943 1459 non
966 1402 1148 1476 invenisset,
1176 1405 1221 1460 ait
1232 1421 1267 1480 p.
1284 1403 1349 1464 219

243 1509 292 1546 aas
302 1487 367 1546 ideo
381 1485 598 1564 mctoesusssree,
627 1485 711 1566 quod
730 1485 864 1544 viderent
882 1505 914 1543 se
934 1485 989 1544 ds'ss
1007 1489 1189 1565 quiescentes
1201 1488 1350 1546 contenens'

140 1600 146 1616 ·
244 1585 274 1632 et
282 1571 460 1652 posthaberi
474 1592 496 1630 a
508 1572 679 1642 Romanis,
708 1569 879 1650 tribumque
900 1591 936 1628 ex
953 1575 1096 1649 pactione
1110 1571 1208 1630 dehic
1221 1572 1348 1651 defrau-

244 1659 325 1718 dari.
371 1667 403 1716 at
413 1654 517 1716 Pisida
538 1667 641 1716 contra
664 1655 795 1714 affirmat
817 1657 863 1714 nil
880 1657 1062 1715 intentatum
1082 1659 1238 1738 reliquisse
1250 1661 1348 1716 Hers-

245 1746 355 1818 clinm,
373 1753 408 1802 ut
422 1761 527 1800 eorum
542 1740 742 1818 foedifragam
754 1751 894 1800 uotiuum
906 1742 1070 1816 emolliret3
1092 1742 1172 1824 quod
1184 1762 1258 1801 sene
1271 1740 1349 1800 mibi

245 1841 292 1888 est
304 1833 396 1887 etiam
410 1826 595 1906 probabilius
609 1824 648 1883 ad
663 1824 865 1900 credendum,
893 1847 929 1885 eo
945 1824 1029 1907 quod
1045 1829 1108 1906 ipse
1126 1831 1290 1906 imperator
1307 1826 1348 1909 de

243 1915 327 1974 bello
342 1921 444 1972 contra
456 1913 564 1970 Persas
578 1909 729 1970 movendo
744 1909 953 1970 tanuunmodo
968 1913 1111 1972 sollicitus
1125 1924 1211 1971 esset.

330 2001 384 2062 99.
427 1997 562 2056 Absrurn
588 1997 672 2056 fraus
695 1997 856 2056 manifesto
882 1999 1038 2056 evincitur.
1088 1999 1241 2057 Heraclius
1262 1997 1346 2056 enim

246 2081 344 2164 οχὲοει
356 2085 507 2165 λογισμῶν
523 2080 668 2141 adhibitis
682 2085 816 2161 primum
825 2083 1042 2160 legationibus,
1070 2081 1122 2145 sul
1140 2084 1255 2164 dopsuis
1266 2081 1349 2144 tzo-

245 2168 358 2250 οχέοει,
388 2179 418 2228 et
440 2165 551 2228 deiude
572 2169 727 2248 promissis
749 2164 837 2226 donis
860 2167 978 2226 firmam
992 2187 1062 2226 cum
1077 2169 1225 2228 :iberibus
1242 2187 1351 2249 pacem

245 2255 323 2314 inire
336 2253 498 2329 contendit,
515 2265 606 2334 atque
620 2252 654 2312 id
667 2273 728 2312 uon
738 2253 838 2311 verbis
852 2263 969 2313 tantum
982 2253 1140 2312 sedetiam
1153 2257 1265 2334 scripto
1278 2273 1351 2312 san-

246 2343 341 2400 citum
354 2351 410 2400 est.
452 2337 512 2398 hec
530 2341 613 2398 euim
631 2349 705 2418 pute
724 2338 892 2416 significare
906 2358 942 2398 ea
958 2340 1049 2398 rerba
1071 2345 1181 2404 πειθοῖ
1193 2337 1232 2402 sd
1246 2343 1351 2422 πρᾶτα

243 2425 299 2488 καὶ
314 2421 393 2509 λόγῳ
409 2420 447 2486 cd
460 2418 594 2506 δεύτερα.
637 2444 708 2484 rere
729 2425 823 2502 igitur
846 2424 904 2482 sibi
929 2426 1069 2484 societate
1095 2427 1269 2484 eomundus
1297 2445 1347 2484 eos

244 2509 357 2568 habere
373 2508 489 2570 studuit
502 2507 670 2567 Heraclius.
713 2506 789 2589 quid
810 2507 893 2589 qued
911 2506 987 2568 haec
1001 2508 1122 2569 foedera
1135 2513 1202 2590 ipso
1215 2511 1345 2570 Absrurn

243 2614 315 2674 rege
330 2592 473 2672 Cbagano
487 2594 641 2672 flagitante
654 2596 713 2653 icta
725 2591 819 2652 suut'l
842 2613 907 2652 rem
917 2606 1017 2654 narret
1027 2593 1216 2676 Nicephorus
1225 2617 1259 2676 p.
1271 2599 1300 2659 9.

329 2680 402 2744 105.
445 2679 485 2738 cf.
500 2681 655 2738 Horatii.
672 2682 757 2737 Poet.
773 2681 846 2743 390.

331 2767 405 2830 108.
447 2761 556 2822 alludit
566 2762 607 2822 ad
621 2763 753 2824 iudicem
766 2765 944 2844 iniquitatis,
965 2764 1075 2847 dequo
1089 2767 1169 2824 Luc.
1192 2767 1240 2828 18.
1262 2767 1346 2822 Aua-

244 2851 353 2912 stasius
369 2851 486 2910 Sinnita
501 2861 615 2929 queam.
637 2849 697 2914 119
714 2847 869 2910 diabolum
884 2871 954 2911 eunn
970 2871 1034 2912 esse
1048 2849 1137 2910 dicit:
1174 2849 1248 2910 deus
1266 2853 1349 2908 enim

245 2945 349 2996 contra
360 2933 456 2994 iudex
465 2937 572 3011 iustus,
594 2937 679 2994 fortis
694 2947 724 2993 et
738 2937 919 3014 longanimis
933 2947 989 2997 etc.
1019 2957 1055 2995 ac
1069 2935 1205 2996 diabolus
1220 2933 1348 3016 quidem

246 3020 329 3102 apud
341 3042 382 3080 ss.
395 3033 495 3102 patres
508 3041 598 3102 saepe
608 3017 744 3103 πονηρὸς
759 3019 852 3080 audit

333 3109 405 3170 110.
447 3109 582 3186 legerem
600 3109 783 3186 μελαοθίος,
824 3106 906 3188 quod
927 3123 1038 3166 nomen
1059 3103 1186 3166 deduxit
1201 3102 1301 3163 Pisida
1324 3122 1346 3162 a

245 3191 351 3269 planta
365 3191 530 3251 melanthio
547 3195 610 3252 sive
621 3193 745 3270 nigella,
769 3190 806 3250 de
821 3212 880 3274 qua
893 3189 1082 3252 Dioscorides
1098 3197 1117 3256 8
1135 3195 1175 3257 93
1190 3201 1219 3249 et
1236 3187 1346 3248 Theo-

246 3273 386 3355 pbrastus
400 3280 421 3338 7
438 3279 476 3340 9:
497 3275 655 3335 melanthii
667 3279 780 3358 quippe
795 3297 898 3338 semen
911 3279 1110 3356 nigerrimum
1125 3287 1180 3335 est.

333 3362 405 3423 112.
447 3358 689 3420 ridelirssmum
702 3362 811 3442 Adag.
829 3383 864 3442 p.
890 3367 965 3427 169:
997 3361 1178 3441 Aethiopem
1192 3359 1294 3432 loves,
1319 3369 1349 3417 st

241 3465 278 3525 p.
295 3443 377 3512 947:
397 3444 546 3526 Aeetnp«
556 3469 617 3506 non
630 3446 764 3506 denen

336 3533 405 3594 113.
447 3534 554 3590 merito
569 3529 795 3592 fraudulentum
815 3543 846 3592 et
858 3552 929 3591 vere
947 3529 1130 3592 diabolicum
1145 3531 1282 3591 Abarum
1296 3529 1348 3586 in-

246 3616 517 3697 geniumexagitat
530 3615 648 3678 Pisida:
679 3637 838 3698 uunquam
848 3621 931 3676 euim
944 3621 1059 3698 turpius
1075 3616 1150 3676 fides
1164 3617 1277 3674 violata
1290 3624 1346 3672 est.

245 3722 312 3761 rem
321 3712 391 3781 pete
405 3721 447 3760 ex
459 3699 581 3762 laudato
592 3700 760 3783 Nicephoro
775 3701 849 3762 ibid.
853 3725 867 3778 ;
897 3704 945 3762 cui
959 3714 1124 3764 consonant
1139 3712 1243 3761 aucttn
1257 3697 1347 3758 chro-

243 3788 304 3846 nici
320 3783 484 3862 paschalis,
506 3799 537 3848 et
552 3785 767 3868 Theophanes.

331 3875 401 3937 121.
442 3874 584 3953 imperita
604 3871 756 3956 quaedam
767 3891 876 3932 munus
890 3866 978 3947 δόλος
994 3875 1026 3932 iu
1041 3865 1139 3946 δόλος
1153 3870 1300 3930 convertit
1316 3869 1345 3926 in

245 3953 362 4030 codice,
392 3961 479 4038 quasi
490 3978 552 4018 vox
565 3954 719 4040 βάρβαρος
734 3961 774 4018 sit
788 3959 907 4036 generis
921 3959 1115 4034 substantivi,
1147 3976 1226 4038 quse
1245 3966 1346 4014 tamen

244 4041 364 4117 saepius
376 4045 504 4102 occurrit
515 4063 570 4124 pro
584 4041 731 4102 adiectirc
745 4053 905 4122 usurpata,
928 4053 961 4102 ut
977 4064 1007 4103 v.
1021 4045 1093 4108 109.

332 4128 403 4188 122.
446 4130 559 4188 scelera
571 4138 602 4186 et
614 4129 742 4208 flagitia,
772 4129 881 4208 quibus
896 4138 968 4188 tunc
984 4128 1129 4207 temporis
1144 4125 1347 4185 obruebantsu

247 4203 413 4284 Cpolitaui,
434 4215 542 4273 tacitus
556 4215 661 4293 carpit.
703 4232 793 4291 porro
810 4209 979 4288 cedrenus,
1002 4233 1094 4294 quam
1114 4222 1214 4270 essent
1235 4211 1349 4268 civium

247 4288 383 4352 omnium
403 4295 513 4370 perditi
535 4317 652 4375 mores,
684 4299 756 4356 satis
781 4295 910 4358 ostendit
932 4318 1057 4360 uenaus
1077 4317 1112 4378 p.
1129 4295 1191 4362 407
1210 4303 1352 4356 sanctum
