3017 4817
263 273 335 344 132
443 269 615 338 tntavtl
637 268 694 336 ΔΙ)
718 265 997 336 mcmnounn
1018 265 1175 336 NOTAE.

259 446 410 498 ornatum.
453 433 537 518 qnod
565 446 597 496 et
621 434 787 496 hiiliasinm
812 451 938 494 numan
965 433 998 492 in
1023 433 1131 493 notitia
1154 429 1284 510 dieitur,
1314 450 1373 489 re-

258 525 349 604 gione
365 521 387 585 4
404 522 491 602 Cpol.

276 661 374 806 tDp·
395 640 438 706 84
458 661 489 703 v·
510 641 564 705 20.
605 639 668 702 sais
700 635 885 720 Helorion]
919 632 1128 718 Theophanes
1154 633 1215 716 (p.
1243 634 1311 700 872
1338 633 1370 693 C
1485 622 1486 627 ¹

258 747 276 786 e
357 767 368 785 .

343 1047 384 1106 ih.
396 1067 425 1106 v.
434 1049 487 1111 20.
529 1039 591 1106 sissi
606 1040 639 1106 δὲ
649 1040 703 1108 τὸυ
716 1037 810 1107 οὔτᾶν
819 1039 947 1124 seipsis]
963 1039 1169 1122 Theophanes
1180 1043 1295 1122 (ptos
1301 1039 1362 1121 D):

260 1139 303 1220 spi
322 1131 357 1197 ii
378 1127 459 1214 stirpi
481 1128 538 1192 ins
562 1124 698 1208 Νικήτυς
721 1128 740 1192 o‘
761 1126 966 1207 ψευδώνυμος
980 1123 1169 1208 σοιριοῖρχης
1188 1126 1243 1200 τοὶς
1269 1127 1303 1190 ἐν
1319 1131 1365 1214 τῷ

260 1219 458 1300 πατριορηείμ
472 1208 593 1286 deivos
605 1218 661 1276 τοῦ
676 1217 786 1295 μικροῦ
800 1215 1027 1294 σεκρυίτου,τῆς
1040 1217 1189 1292 τροπικῆς
1203 1213 1366 1295 teotme-

260 1305 334 1382 φίας
362 1299 457 1378 οὔσης
485 1295 685 1380 κατήνεγκεν,
718 1297 771 1360 sni
795 1302 858 1360 sois·
878 1301 993 1360 λοιπῶν
1012 1293 1140 1360 sisium
1159 1294 1199 1358 soi
1216 1292 1367 1377 πρόσωπα

259 1387 384 1468 ἔχρισεν.
427 1383 477 1444 hio
497 1393 613 1442 seoreta
637 1377 779 1464 προόδου
800 1378 880 1446 oleos
902 1393 1048 1442 vocantur
1062 1401 1080 1440 s
1095 1380 1281 1461 Nioephoro,
1302 1381 1364 1441 hoc

257 1484 304 1532 est
325 1489 533 1552 processum,
557 1487 633 1549 qnos
653 1467 839 1550 reponisnoor
860 1477 941 1527 aetas
959 1469 1014 1525 iiia
1037 1470 1206 1526 nominavit
1219 1479 1270 1526 unt
1283 1491 1364 1548 sps-

255 1556 393 1630 streone.
437 1575 515 1636 quae
530 1573 592 1614 vox
608 1563 670 1612 tam
682 1555 901 1632 processionem
914 1556 1012 1632 ipsam
1029 1570 1125 1633 quam
1139 1554 1300 1611 stonum
1316 1555 1361 1611 si-

217 1651 221 1660 “
259 1642 392 1726 gnificat.
434 1643 537 1722 itaque
556 1633 725 1718 πρόκεσοος
744 1641 807 1701 τῶν
827 1641 1005 1720 Βὶοχερυοόν
1021 1641 1054 1695 in
1071 1639 1164 1696 Alex.
1178 1636 1291 1697 Chaon.
1305 1657 1363 1716 pro

260 1729 449 1800 suburbano,
472 1736 501 1784 et
523 1717 692 1804 πρόκεσσον
715 1717 921 1804 ποιήσασθαι,
941 1721 1001 1782 hoe
1021 1732 1068 1782 est
1081 1723 1256 1802 procedere,
1280 1721 1366 1803 apud

258 1811 482 1892 Theophanem
499 1819 529 1868 et
548 1809 634 1868 ulios.
678 1808 872 1886 Curopelates
887 1819 982 1867 oertos
996 1805 1063 1867 dies
1079 1811 1240 1888 quotannis
1253 1829 1364 1867 recen-

259 1909 321 1972 set,
345 1898 453 1977 quibus
473 1898 667 1974 imperatores
691 1903 777 1952 extra
798 1894 946 1972 palatium
965 1891 1171 1972 prosedebsnt
1193 1905 1222 1952 et
1243 1895 1275 1951 in
1299 1912 1360 1972 pa-

258 1980 399 2042 triarchio
422 1980 635 2061 pernoctabunt
655 1981 689 2037 in
710 1978 853 2054 κελλίοις,
880 1975 940 2037 hoo
960 1988 1006 2036 est
1023 1979 1147 2038 cellulis
1169 1977 1361 2060 quibusdam.

259 2066 317 2126 hae
333 2077 405 2128 snut
418 2068 544 2126 fortasse
557 2083 632 2147 quas
646 2058 785 2146 προῦδοον
797 2063 902 2138 οἴκους
913 2063 1115 2143 appellarunt.

344 2205 376 2266 p·
390 2189 431 2249 86
445 2204 474 2242 v.
487 2187 519 2247 2·
561 2176 730 2263 κηροηότου
744 2176 839 2261 ὕλης]
861 2201 953 2262 quam
965 2183 1072 2242 Graeoi
1082 2183 1295 2265 mppsypspise
1305 2201 1362 2242 ro-

260 2282 329 2334 eant
349 2271 399 2330 hio
420 2273 527 2350 opinor
548 2269 705 2348 expressit.
748 2264 821 2325 hino
835 2285 908 2326 vasa
923 2268 1215 2350 κεκηρογραφημένα
1228 2262 1364 2350 χρόμοοι

259 2357 417 2505 κὶορπιρρορς
437 2353 518 2434 apud
534 2351 742 2429 Athenaeum,
763 2361 798 2414 ut
817 2352 987 2414 observavit
1004 2355 1153 2433 interpres
1174 2352 1216 2413 ad
1230 2352 1362 2415 Theoor.

259 2463 276 2502 e
308 2461 330 2524 y
397 2483 409 2500 .

345 2557 386 2617 ib.
409 2578 438 2617 r.
457 2563 507 2625 10.
555 2557 601 2644 Tp'
623 2552 737 2641 ἑβδόμη
761 2555 947 2638 ivisstsoios]
968 2554 1173 2637 Theophanes
1195 2507 1280 2623 ³:28
1296 2557 1358 2617 Co-

168 2655 242 2716 psss
257 2646 407 2727 pronymi.
451 2663 547 2704 annus
568 2654 632 2702 erat
652 2641 765 2702 Christi
783 2645 864 2720 769,
887 2643 971 2725 oyolo
993 2643 1064 2702 solis
1084 2647 1144 2720 22,
1167 2643 1214 2703 lit.
1228 2644 1306 2703 dom.
1318 2646 1356 2717 A,

261 2731 345 2812 cyclo
359 2729 448 2788 lunas
463 2733 519 2806 10,
540 2727 653 2808 pascha
668 2729 783 2810 Aprilis
796 2730 826 2791 2.

344 2847 386 2906 it.
403 2867 433 2907 v·
451 2852 500 2913 17.
543 2840 638 2933 ὅγόὄη
652 2843 686 2909 tii
702 2847 886 2926 isimrsoivs]
908 2843 1112 2927 Theophanes
1126 2867 1159 2927 p.
1172 2845 1237 2912 374
1247 2849 1286 2905 B.

229 3003 232 3010 '
344 3003 402 3062 Hie
423 3002 491 3060 finis
507 2999 648 3061 historiae
662 2996 840 3080 Nioephori,
861 3018 968 3082 quum,
990 3009 1024 3058 ut
1040 3001 1144 3060 scribit
1158 2998 1296 3074 Photins,
1318 2995 1360 3056 ad

259 3089 371 3146 Leonis
392 3097 421 3146 et
440 3091 541 3146 Irenes
561 3088 681 3165 nuptias
700 3083 860 3166 perduxit,
887 3081 946 3144 hoo
974 3096 1020 3144 est
1042 3086 1227 3146 Constantini
1251 3103 1278 3140 a.
1300 3087 1357 3158 29,

261 3169 373 3232 Christi
384 3175 457 3237 769.
498 3192 553 3231 nos
572 3183 674 3230 tamen
692 3170 831 3230 eiusdem
845 3168 1007 3249 Nioephori
1022 3172 1218 3252 fragmentum
1232 3169 1360 3226 inveni-

259 3277 328 3316 mus
344 3255 425 3335 apud
437 3253 674 3336 Theophanem,
695 3259 728 3315 in
743 3253 844 3316 oodioe
859 3256 970 3314 Illustr.
985 3256 1073 3315 Card.
1090 3260 1231 3316 loienste.
1275 3253 1360 3334 qnod

261 3340 386 3422 quidem
408 3359 469 3398 non
492 3343 613 3400 alterius
635 3360 809 3421 essequam
827 3339 916 3399 huius
932 3340 1095 3420 Nioephori
1109 3341 1303 3400 manifestum
1318 3359 1361 3398 ex

260 3447 297 3487 eo
312 3424 462 3498 redditur,
485 3425 566 3504 quod
581 3436 611 3484 et
622 3423 790 3504 patriarcha
801 3445 821 3484 a
834 3422 1023 3505 Theophane
1034 3429 1208 3506 Cpolitanus
1222 3426 1360 3505 appella-

260 3521 326 3588 tur,
348 3522 378 3570 et
397 3509 434 3569 de
452 3512 634 3589 Copronymi
648 3510 831 3588 temporibus
846 3515 934 3591 quasi
943 3514 1050 3572 vicinis
1066 3515 1156 3571 aetati
1169 3531 1242 3570 suae
1256 3512 1360 3591 loqui-

260 3608 326 3673 tur,
348 3615 417 3656 oum
438 3598 480 3654 ait
500 3597 661 3654 nonnullos
677 3593 777 3654 adhno
791 3599 964 3676 superstites
981 3617 1062 3673 esse,
1085 3601 1139 3678 qni
1154 3619 1173 3656 a
1190 3595 1359 3676 dysoaymo

211 3680 214 3684 ’
261 3681 315 3740 illo
332 3692 459 3762 tyranno
473 3683 574 3761 eliqua
587 3683 718 3760 eorporis
730 3691 815 3761 purte
826 3683 957 3740 mutilati
969 3683 1099 3741 fuerant.
1142 3694 1173 3741 st
1185 3683 1304 3755 nullus,
1325 3691 1361 3739 ut

261 3767 348 3826 initio
365 3769 536 3842 statuimus,
558 3768 622 3826 eius
637 3768 767 3828 nominis
780 3765 966 3847 patriarcha,
988 3779 1106 3846 praeter
1118 3765 1201 3832 huno
1212 3777 1359 3843 nostrum,

261 3854 446 3932 temporibus
460 3853 522 3914 iliis
537 3854 662 3916 exstitit.
704 3850 738 3912 id
753 3853 957 3934 fragmentum
969 3855 1030 3914 talo
1044 3863 1100 3915 est.
