3017 4817
234 249 286 326 94
482 250 767 337 evanescant
790 249 1096 322 EXPEDITIONIS

238 417 440 500 gradssimam
466 417 598 480 bostiam
622 420 833 480 immolabant.
890 437 1012 480 cansam
1048 415 1188 497 adsignat
1216 415 1346 480 Ovidius

237 505 323 565 Fast.
350 506 368 566 1
400 505 472 569 386.
528 501 600 567 sida
619 508 808 566 Brissoninm
829 503 867 564 de
889 524 954 586 reg.
976 508 1062 564 Pers.
1080 505 1209 584 princip.
1229 504 1285 564 lib.
1311 510 1345 570 2.

238 609 329 649 nemo
348 599 471 666 tamen,
492 589 574 671 quod
595 594 706 667 sciam,
730 589 810 653 dixit
831 589 914 672 quod
936 587 1040 650 Pisida
1063 589 1209 663 affirmat,
1231 609 1347 671 equum

241 673 323 756 apud
352 677 459 733 Persas
489 673 629 736 habitum
659 697 725 737 esse
757 673 859 738 deum.
908 673 1078 736 Herodotus
1101 673 1229 757 quidem
1249 675 1304 734 lib.
1323 680 1346 740 7

236 781 274 840 p·
293 759 353 822 401
378 778 473 839 equos
489 760 637 841 quosdam
650 764 717 822 lovi
729 783 829 823 sacms
842 764 876 820 in
888 760 1012 822 Perside
1024 762 1118 820 fnisse
1133 769 1245 818 narret.
1288 779 1348 820 neo

241 846 279 905 ab
301 842 453 903 Herodoto
476 843 615 906 dissentit
635 850 787 925 lustinus,
809 849 874 930 qui*
882 847 937 908 lib.
960 849 978 912 1
1002 847 1043 912 10
1063 843 1083 910 5
1106 865 1201 926 equos
1220 846 1278 914 ⁸⁰15
1294 865 1348 904 Μ·

243 940 340 989 oratos
356 925 499 990 babuisse
520 933 629 993 Persas
648 944 785 994 testatur.
826 929 883 994 sed
902 952 973 992 cum
988 928 1094 992 Pisida
1107 931 1171 990 fere
1185 929 1348 990 concordat

242 1017 380 1090 Curtius,
401 1017 455 1096 qui
475 1018 496 1080 8
517 1021 538 1081 8
559 1036 704 1097 pompam
724 1029 755 1078 et
777 1015 929 1092 ordinem,
956 1037 1016 1099 quo
1037 1035 1148 1096 agmen
1167 1017 1253 1076 Darii
1273 1036 1348 1095 pro-

243 1099 383 1174 cedebat,
406 1099 577 1162 describens
596 1106 656 1162 ait:
682 1122 807 1162 cumam
830 1101 936 1160 deinde
956 1103 1024 1162 Iosu'
1039 1113 1195 1162 aserenan
1214 1100 1348 1160 &aaa

242 1183 391 1246 vehebant
402 1188 482 1266 equi.
527 1187 582 1246 Isos
594 1189 720 1248 crimme
734 1187 956 1267 magsss'tuduu'a
969 1207 1063 1267 equus
1068 1229 1082 1260 ,
1104 1207 1193 1268 quem
1203 1186 1275 1246 solis
1287 1207 1348 1266 ap-

238 1269 413 1350 pellebant,
433 1271 622 1352 sequebatur.

328 1359 382 1421 26.
424 1377 464 1414 ne
482 1355 573 1418 hnins
594 1355 721 1440 quidem
739 1360 815 1418 ritus
834 1358 933 1416 ullum
953 1355 1058 1416 tavent
1078 1356 1248 1436 vestigium.
1289 1355 1349 1415 v'e-

245 1460 314 1499 rnm
332 1443 360 1499 si
380 1439 502 1502 Pisidae
522 1448 682 1506 auctoritas
701 1463 765 1504 non
785 1453 830 1503 est
852 1446 974 1503 omnino
996 1440 1232 1515 contemndo,
1255 1459 1349 1520 quem

245 1545 348 1584 rernm
367 1529 417 1584 sui
435 1532 579 1609 temporis
599 1532 740 1610 ignarum
760 1549 917 1611 nunquam
936 1525 1060 1604 dixero,
1081 1524 1115 1586 id
1132 1529 1176 1586 ita
1196 1527 1352 1605 accipien—

246 1607 321 1669 dum
333 1620 407 1690 puto
423 1622 458 1671 ut
472 1633 585 1696 equum
599 1617 727 1690 Persae,
749 1617 776 1674 si
791 1615 868 1674 bene
884 1617 928 1674 eis
946 1633 994 1674 res
1009 1613 1159 1690 eveniret,
1179 1609 1349 1688 adorarent,
1364 1613 1369 1628 '

247 1697 358 1756 sivero
372 1697 470 1774 male,
492 1702 586 1778 virgis
601 1700 771 1760 caederent.

332 1785 385 1844 82.
427 1784 532 1860 ignem
557 1795 587 1842 et
608 1805 719 1866 equam
743 1783 784 1844 ad
800 1781 877 1843 haec
892 1801 988 1863 usqne
1001 1793 1139 1862 tempora
1151 1785 1257 1842 Persas
1271 1779 1353 1840 ado·

248 1885 315 1925 rare
339 1875 501 1944 testantur,
538 1869 593 1949 qui
615 1868 654 1927 da
673 1872 836 1929 Persarum
857 1870 991 1928 moribus
1010 1869 1043 1926 in
1064 1871 1126 1928 suis
1146 1862 1355 1947 o‘dosssopusos'c

249 1952 440 2030 scripserunt.
485 1973 578 2034 quam
596 1964 699 2014 autem
720 1955 852 2034 antiquis
866 1955 985 2032 legibus
1001 1972 1037 2012 ea
1053 1963 1132 2012 esset
1147 1955 1222 2010 inter
1235 1972 1289 2010 eos
1302 1972 1356 2010 re-

249 2045 335 2114 cepta
348 2045 379 2093 et
391 2039 549 2101 constituta
559 2039 676 2120 religio,
697 2050 816 2120 praeter
827 2036 1015 2098 Herodotum
1027 2048 1057 2097 et
1069 2037 1248 2098 Strabonem
1260 2037 1356 2096 alios·

250 2137 310 2200 que
334 2132 450 2189 veteres
471 2123 647 2206 scriptores,
668 2125 792 2186 uadum
813 2125 985 2185 Brissonius
1008 2123 1065 2182 loc.
1091 2125 1142 2183 cs't.
1167 2133 1197 2181 et
1218 2119 1354 2182 Thomas

249 2203 339 2284 Hyde
353 2206 391 2264 de
404 2218 463 2266 vet.
480 2211 566 2268 Pers.
585 2211 673 2290 relig.
690 2231 717 2271 c.
735 2213 768 2276 8.
811 2213 865 2291 qni
883 2222 987 2269 tamen
1003 2228 1066 2268 non
1081 2219 1127 2268 est
1140 2203 1309 2268 andiendus
1320 2209 1354 2266 in

251 2309 306 2366 eo,
329 2291 411 2372 qnod
434 2298 560 2354 assumit
578 2307 695 2357 veteres
715 2299 824 2356 Persas
837 2315 878 2354 ex
890 2291 1045 2356 Abraham
1059 2313 1164 2354 veram
1176 2295 1355 2372 religionem

249 2377 384 2454 petiisse,
394 2379 520 2461 ignique
537 2391 567 2440 et
582 2383 641 2442 soli
655 2384 911 2442 civllem'tantum
929 2381 1044 2440 cultum
1061 2377 1255 2458 exhibuisse,
1279 2397 1355 2460 quse

252 2464 401 2521 sententia
422 2475 456 2522 nt
475 2485 554 2525 nova
574 2477 606 2525 et
624 2468 703 2527 falsa
724 2466 918 2527 disertissime
939 2467 1085 2526 refutatur
1098 2485 1117 2524 a
1131 2465 1355 2524 lllontfauconio

251 2543 630 2624 drepanitanum.
652 2556 818 2630 2part.2
836 2574 872 2632 p.
893 2551 966 2618 895.
1009 2551 1100 2610 facile
1124 2553 1207 2610 enim
1229 2548 1356 2630 Hydaec

251 2633 486 2690 concesserimus
503 2637 593 2691 nnius
615 2639 829 2714 omnipotentis
844 2637 893 2696 dei
907 2639 1109 2715 cognitionem
1123 2634 1268 2694 habuisse
1282 2638 1359 2693 Per-

252 2731 316 2788 sas,
338 2709 503 2776 dummodo
515 2720 581 2796 ipse
595 2729 713 2796 contra,
734 2724 974 2798 superstitiosum
985 2723 1078 2780 fnisse
1091 2721 1204 2780 cultum
1216 2738 1279 2800 qne
1293 2722 1358 2778 eins

252 2801 442 2858 maiestatem
457 2804 731 2884 prosequebantur,
752 2826 815 2864 non
830 2804 969 2885 deneget.
1012 2826 1101 2882 narn,
1124 2817 1158 2865 ut
1172 2806 1275 2864 aiebat
1288 2805 1360 2864 Cle-

252 2901 339 2942 mens
351 2886 443 2946 Alex.
455 2887 617 2967 Colorap.
627 2890 683 2966 ⁵7,
706 2884 864 2972 ἀγάλματα
877 2889 934 2971 μὲν
948 2893 1028 2956 θεοῦ
1041 2885 1079 2956 osi
1096 2886 1170 2967 ξύλα
1183 2889 1235 2953 sai
1247 2891 1362 2963 λίθους

252 2963 463 3050 ὑπειλήφασιν
479 2968 746 3056 dmsffllnvsc,
768 2970 840 3040 slot
855 2973 916 3056 μὴν
930 2977 1030 3058 ἴβιδας
1044 2974 1094 3038 sal
1107 2970 1286 3058 ἰχνεύμονας
1298 2997 1362 3036 aas·

253 3049 358 3134 θάπερ
370 3052 549 3138 Αἰγύπτιοι,
571 3053 647 3124 istd
657 3065 720 3142 arip
731 3083 763 3129 se
776 3061 829 3124 sol
841 3056 926 3142 ὕδωρ
943 3060 985 3136 ὥς
997 3057 1173 3142 φιλόσοφοι.
1216 3081 1293 3142 quae
1306 3079 1362 3119 0⁸-

254 3147 301 3197 set
316 3140 476 3204 Persarum
490 3145 615 3223 religio,
636 3150 739 3226 paucis
752 3149 894 3226 exposuit
908 3145 1079 3208 Herodotus
1094 3151 1112 3212 1
1135 3151 1207 3212 131.

337 3223 391 3288 41·
435 3227 510 3307 quid
522 3228 656 3310 hicagat
671 3235 802 3293 Celticus
814 3231 955 3308 Rhenus,
977 3231 1067 3312 plane
1086 3252 1148 3291 non
1166 3228 1267 3292 video.
1311 3239 1366 3288 at-

189 3383 193 3389 ,
255 3325 315 3386 (1¹¹⁰
338 3327 394 3386 060
416 3331 488 3376 nne
508 3317 649 3391 mallem,
672 3316 747 3398 qnid
770 3320 899 3376 voluerit
916 3317 1036 3393 Pisida,
1058 3337 1108 3394 me
1126 3319 1243 3376 nescire
1258 3315 1366 3392 fateri,

255 3409 348 3470 quam
364 3396 504 3458 inanibus
516 3404 692 3464 coniecturis
708 3415 738 3463 te
752 3402 897 3464 detinere.
940 3423 1046 3464 verum
1058 3423 1097 3462 ne
1111 3404 1185 3462 vitio
1197 3398 1277 3460 mihi
1290 3421 1369 3461 ver-

121 3485 125 3492 “
253 3485 317 3551 tas,
342 3477 425 3557 quod
443 3481 577 3566 alioquin
597 3489 736 3566 garrulus
753 3487 804 3547 hio
822 3490 1043 3563 obmutescam,
1065 3490 1108 3548 ita
1127 3489 1250 3546 ariolor.
1265 3487 1370 3546 celti-

254 3580 326 3626 cum
343 3561 485 3647 Rhenum
505 3574 664 3632 nominans
685 3573 789 3642 Pisida
808 3575 961 3634 funestam
985 3575 1072 3632 illam
1094 3571 1212 3632 cladem
1232 3572 1370 3632 fortasse

255 3643 409 3728 designat,
431 3673 524 3735 quam
542 3659 732 3737 Sigebertns,
752 3655 860 3718 Rheno
883 3663 1005 3720 traiecto
1026 3661 1144 3718 llumris
1156 3661 1189 3716 iu
1201 3659 1371 3716 Franciam

254 3733 419 3814 irrumpere
434 3743 608 3803 conantibus
620 3747 724 3804 intulit
738 3748 816 3806 circa
830 3765 944 3806 annum
959 3742 1030 3804 Chr.
1045 3743 1119 3810 570.
1162 3741 1233 3802 vide
1254 3743 1295 3800 de
1318 3764 1372 3800 re-

256 3815 312 3879 bus
331 3821 443 3887 Mre-
487 3830 665 3909 scriptores,
687 3833 741 3910 qui
764 3832 890 3890 relatam
910 3850 928 3888 a
952 3829 1110 3910 sigeberto
1127 3830 1282 3907 insignem
1299 3829 1371 3888 cla-

255 3900 327 3964 dem
348 3904 530 3971 describunt.
573 3916 675 3995 itaque
691 3917 790 3994 magis
807 3927 927 3975 strenue
942 3927 1045 3974 contra
1060 3918 1167 3974 Persas
1181 3934 1214 3972 se
1230 3916 1371 3993 gessisse

254 3989 430 4051 Heraclium
449 3997 484 4053 in
503 3998 624 4057 Oriente
640 4017 733 4080 quam
745 4012 848 4060 contra
859 4002 1003 4062 barbaros
1017 4000 1210 4079 sigebertum
1223 4000 1258 4056 in
1273 4001 1371 4058 Occi-

256 4069 345 4133 dente
365 4077 469 4142 forsan
491 4082 590 4143 innuit
607 4091 714 4164 poeta;
739 4089 800 4146 nisi
818 4087 911 4146 etiam
929 4087 1019 4146 malis
1038 4105 1101 4146 nou
1117 4083 1158 4145 ad
1168 4085 1375 4164 Sigeberturn

255 4154 311 4214 sed
326 4156 367 4216 ad
376 4163 582 4241 Dagobertum
594 4171 737 4230 Franciae
754 4190 859 4250 regem
874 4174 1060 4252 respexisse,
1082 4173 1136 4253 qni
1149 4188 1210 4314 pao
1223 4179 1377 4250 tempore

255 4241 412 4306 Heraclius
426 4267 495 4309 cnm
505 4252 607 4315 Persis
617 4257 786 4337 pugnabat,
808 4257 947 4321 Saxones
959 4261 1093 4340 primum
1104 4267 1134 4318 et
1170 4252 1260 4314 einde
1274 4255 1377 4317 Sala-
