3017 4817
587 326 831 399 mettano.
1130 338 1134 347 '
1202 350 1264 401 xus
1335 348 1339 351 ·

160 504 210 557 ert
222 490 262 554 ad
275 504 308 555 t.
321 491 403 561 1688
416 500 448 553 et
463 510 550 576 seqq.
566 474 749 557 hexaemeri
763 516 829 556 esse
846 491 1056 572 referendam,
1085 504 1116 555 et
1128 496 1213 578 qnod
1227 498 1266 571 de

161 609 281 672 calma,
302 595 343 656 ed
359 597 474 676 primos
496 616 600 657 versus
613 600 763 679 poematis
775 601 812 660 s'n
827 599 983 674 Severum
1010 595 1094 679 quod
1108 608 1210 658 autern
1226 601 1266 660 de

161 700 245 761 hor-ie
260 700 293 759 in
307 696 448 759 choream
469 701 710 763 semoventibus
731 700 816 761 idem
833 700 952 761 Psellus
971 700 1079 776 refert,
1112 698 1207 762 habes
1228 704 1262 761 in

162 804 352 863 llaxa'emero
368 822 399 863 v·
414 804 493 878 289,
515 811 547 862 et
557 799 639 883 qnod
651 806 763 864 iterum
775 805 813 864 de
829 804 911 863 dode
924 802 1070 885 quadriga
1084 802 1264 884 prodeunti-

161 904 219 965 bus
232 906 309 965 etin
321 904 426 964 orbem
442 902 637 965 redeuntibus
647 907 746 989 inquit
758 907 828 983 ille,
854 908 992 966 invenies
1008 903 1123 964 ibidem
1142 924 1174 965 r.
1189 908 1263 971 388.

165 1004 289 1067 danem
303 1006 386 1089 quod
402 1016 449 1069 est
467 1009 501 1067 in
512 1007 614 1068 Psello
632 1008 670 1067 de
682 1006 896 1088 pdolaeagibur
911 1018 941 1065 et
957 1004 1142 1067 militaribus
1159 1007 1266 1085 oopie‘e,

165 1106 206 1169 ed
224 1129 361 1171 aeream
375 1109 413 1170 de
427 1108 609 1188 expeditione
626 1111 769 1193 Ηηαοζὶἰ
786 1120 891 1169 eonon
904 1111 1020 1169 ‘Perea
1041 1107 1161 1169 trahere
1182 1129 1267 1169 eom-

91 1212 97 1221 '
167 1208 256 1271 mode
268 1212 382 1292 possis,
403 1212 436 1270 in
451 1211 563 1293 quibus
575 1212 686 1273 similia
697 1212 813 1292 passim
823 1221 992 1273 ooeunuut.
1036 1223 1067 1273 at
1082 1231 1153 1271 vero
1168 1230 1268 1293 quau-

168 1331 259 1395 qaam
274 1332 332 1393 ego
347 1332 365 1372 a
383 1315 485 1374 Psalle
504 1316 632 1373 minime
653 1310 830 1374 dissentiam
845 1316 971 1396 eiusque
985 1313 1126 1375 laudibus
1137 1312 1269 1394 dignum

169 1416 291 1475 omnino
306 1416 479 1475 existimem
493 1434 560 1475 esse
573 1415 726 1493 Pisidam,
755 1434 913 1497 nunquam
932 1427 1034 1476 tamen
1052 1415 1135 1477 huno
1148 1417 1270 1497 praeie-

167 1534 233 1577 tem
245 1516 384 1598 Euripidi
400 1519 523 1579 alterive
537 1536 578 1578 ex
591 1520 809 1601 antiquioribus
820 1516 1045 1599 iambographis
1059 1521 1192 1579 Graecis.
1220 1516 1270 1577 di-

168 1636 236 1677 eam
249 1622 332 1679 enim
344 1618 428 1702 quod
440 1640 548 1679 rerum
561 1630 616 1680 est.
660 1622 717 1681 etsi
729 1622 868 1702 plurimis
879 1623 912 1681 in
923 1622 999 1681 loeis
1008 1619 1130 1680 Pisidae
1149 1640 1270 1680 oarmen

167 1722 212 1781 ita
226 1722 338 1800 etueet,
364 1732 399 1783 ut
411 1734 548 1783 veterum
558 1728 716 1803 pottarum
731 1724 859 1801 gratiam
872 1733 903 1781 et
914 1734 1103 1783 venustatem
1113 1744 1175 1783 nou
1187 1722 1269 1783 desi·-

169 1820 276 1901 derrs,
298 1844 389 1907 saepe
402 1827 495 1885 etiam
506 1827 549 1883 ita
560 1825 709 1904 frigesoit,
740 1828 824 1883 utin
840 1823 999 1885 scribendo
1017 1824 1194 1885 dormitasse
1212 1845 1270 1885 au-

170 1934 284 1986 etorem
292 1938 356 1999 aton
369 1926 460 1988 modo
475 1930 586 1987 sentias
597 1923 653 1985 sed
665 1928 759 1985 etiam
770 1925 937 2006 indigneris
947 1946 1039 2009 qnam
1049 1930 1196 1987 maxime.
1218 1949 1271 1988 oe-

169 2038 270 2089 terum
288 2040 435 2114 qnantum
451 2031 505 2089 ille
527 2028 711 2089 sublimitate
727 2031 868 2089 carminis
889 2050 1045 2110 assurgere
1066 2041 1096 2091 et
1116 2052 1150 2091 se
1165 2030 1271 2092 efferre
1308 2048 1311 2055 ·
1350 2107 1352 2112 Ι

169 2132 317 2211 potnerit,
346 2134 506 2215 praeeipne
525 2130 657 2193 ostendit
675 2134 708 2190 in
724 2136 932 2210 Hexaimero,
961 2136 994 2192 in
1010 2154 1070 2214 quo
1083 2136 1185 2193 omnia
1200 2154 1272 2193 sen-

170 2234 334 2293 tentiarum
351 2235 474 2296 fioribus
489 2247 519 2294 et
531 2236 706 2295 urbanitatis
720 2235 853 2317 quodam
865 2236 928 2297 sale
941 2254 1102 2316 conspersa
1116 2246 1197 2297 sunt.
1238 2239 1273 2295 in

173 2337 313 2399 omnibus
326 2348 428 2398 autem
442 2338 507 2399 eius
521 2338 660 2419 operibus
677 2340 874 2419 contemplati
889 2338 993 2399 lioebit
1006 2336 1215 2399 adumbratam
1229 2324 1438 2421 phemius

172 2438 325 2518 seripturis
341 2441 526 2520 imaginem,
554 2441 747 2501 suavissimos
764 2461 882 2519 mores,
912 2442 1059 2501 eximiam
1084 2442 1274 2522 probitatem,

174 2558 235 2621 qua
249 2560 300 2617 se,
330 2539 405 2601 dum
422 2562 582 2601 tttunerose
600 2541 709 2602 cadens
722 2564 827 2605 versus
842 2545 951 2604 leniter
964 2544 1078 2621 affluit,
1107 2545 1275 2623 legentium

174 2643 296 2703 auribus
305 2644 436 2703 iuonleat
447 2654 537 2725 atque
551 2643 751 2705 eommeudat.

260 2747 343 2805 liaeo
358 2743 508 2805 habebam
521 2766 599 2827 quae
616 2744 748 2809 dicerem
762 2744 802 2807 de
815 2746 946 2826 Georgio
958 2746 1079 2823 Pisida,
1107 2768 1169 2807 uon
1190 2749 1278 2827 parvi

175 2848 309 2907 nominis
322 2846 404 2929 apud
417 2851 597 2909 reeentiores
612 2850 741 2909 Graecos
754 2855 859 2929 poeta,
880 2851 914 2907 in
928 2868 989 2931 quo
1004 2869 1075 2909 oum
1087 2852 1175 2929 plura
1189 2852 1278 2909 inve·

176 2950 243 3009 uias
260 2969 339 3032 quse
353 2970 416 3011 non
431 2952 544 3012 invitus
560 2950 733 3028 demireris,
760 2949 840 3009 nihil
850 2960 953 3010 temen
964 2952 1071 3032 opinor
1081 2951 1278 3031 spectandum

177 3054 275 3133 magis
287 3063 335 3115 est
349 3072 441 3137 quam
456 3056 521 3114 eins
532 3057 567 3113 in
578 3052 699 3115 tuendis
713 3052 900 3113 christianae
918 3054 1073 3133 religionis
1087 3053 1278 3141 dogmatibus

178 3157 345 3217 mnumtta
366 3158 531 3217 attinuere
552 3155 643 3217 fides:
674 3178 747 3216 nam
764 3176 834 3216 eum
855 3158 890 3215 in
913 3176 949 3215 ea
967 3166 1104 3237 tempera
1123 3156 1279 3217 incidisset

180 3258 292 3339 quihus
307 3260 430 3340 Sergius
443 3258 613 3340 patriamha
628 3278 750 3319 omnem
762 3256 936 3318 machinam
949 3262 1055 3336 movit,
1075 3270 1111 3318 ut
1125 3261 1280 3319 Orientem

180 3361 355 3421 universum
376 3381 394 3420 a
411 3360 660 3443 monophysismo
675 3359 715 3423 ad
729 3358 1094 3422 monothelismnm'vafro
1109 3365 1236 3423 oonsilio
1249 3372 1279 3421 et

181 3464 270 3523 mats
281 3461 400 3525 technis
412 3464 613 3547 pertraheret,
640 3467 706 3545 ipse
724 3474 827 3524 autem
842 3464 982 3543 Sergium
998 3465 1123 3545 eiusque
1135 3467 1280 3544 pietatem

181 3574 212 3624 et
227 3565 394 3627 doctrinam
413 3571 578 3649 suspioeret
597 3568 732 3628 maxime
754 3577 785 3626 et
805 3567 931 3643 soleret,
951 3564 1048 3625 nihilo
1062 3576 1165 3624 tamen
1179 3568 1281 3625 minus

182 3668 242 3728 sibi
253 3670 359 3729 iheum
372 3668 437 3729 fieri
451 3672 625 3732 nullatanus
637 3689 745 3750 passus
760 3680 822 3745 est,
855 3680 886 3729 et
899 3689 987 3729 suam
1002 3666 1096 3727 fidem
1107 3686 1217 3747 puram
1230 3668 1282 3725 in·-

183 3780 359 3853 tegramque
374 3774 522 3849 sanavit,
544 3771 625 3854 quod
639 3794 679 3833 ex
694 3773 835 3833 omnibus
849 3770 933 3832 hisee
946 3774 1078 3847 libellis,
1100 3788 1136 3828 ao
1147 3787 1284 3849 praeser-

182 3872 239 3933 tim
253 3894 295 3933 ex
307 3875 439 3934 earmina
452 3876 661 3950 indevotum,
681 3876 849 3936 luculenter
861 3884 956 3955 patet.

269 3976 315 4035 De
335 3974 440 4037 Pisida
461 3982 646 4041 mentionem
673 3980 787 4039 feriunt
810 3982 893 4039 inter
908 3978 1049 4059 antiquos
1069 3968 1285 4052 Theophanes,

183 4075 312 4156 fluidas,
332 4076 503 4157 cedrenus,
523 4080 709 4163 Nicephorus
721 4082 856 4159 Callisti,
876 4077 1025 4141 lohannes
1037 4080 1150 4139 Taetza
1162 4078 1287 4158 eiusque

184 4182 280 4243 irater
297 4184 428 4245 hauoius
443 4184 572 4261 Taetsa3
598 4188 677 4245 iuter
694 4187 876 4245 reeentiores
896 4198 1016 4259 autem,
1042 4190 1161 4263 praeter
1173 4177 1287 4239 Moral-

185 4282 280 4363 lium,
301 4286 481 4365 ttustemm,
503 4290 708 4367 llerwertem,
728 4286 900 4365 ueterum,
920 4286 1083 4362 Alletium,
1105 4284 1288 4357 Malueram,
