<?xml version="1.0" encoding="UTF-8"?>
<!DOCTYPE html PUBLIC "-//W3C//DTD XHTML 1.0 Transitional//EN"
    "http://www.w3.org/TR/xhtml1/DTD/xhtml1-transitional.dtd">
<html xmlns="http://www.w3.org/1999/xhtml" xml:lang="en" lang="en">
 <head>
  <title>
</title>
<meta http-equiv="Content-Type" content="text/html;charset=utf-8" />
  <meta name='ocr-system' content='tesseract 3.04.00' />
  <meta name='ocr-capabilities' content='ocr_page ocr_carea ocr_par ocr_line ocrx_word'/>
</head>
<body>
  <div class='ocr_page' id='page_1' title='image "./corpusscriptoru19theogoog/corpusscriptoru19theogoog_0525.png"; bbox 0 0 3017 4817; ppageno 0'>
   <div class='ocr_carea' id='block_1_1' title="bbox 425 300 1249 376">
    <p class='ocr_par' dir='ltr' id='par_1_1' title="bbox 425 300 1249 376">
     <span class='ocr_line' id='line_1_1' title="bbox 425 300 1249 376; baseline -0.001 -2"><span class='ocrx_word' id='word_1_1' title='bbox 425 305 482 374; x_wconf 80' lang='lat' dir='ltr'>AD</span> <span class='ocrx_word' id='word_1_2' title='bbox 507 301 790 376; x_wconf 78' lang='lat' dir='ltr'>NlcEl&#39;llOllUlli</span> <span class='ocrx_word' id='word_1_3' title='bbox 813 301 967 371; x_wconf 75' lang='lat' dir='ltr'><strong>NOTAE.</strong></span> <span class='ocrx_word' id='word_1_4' title='bbox 1176 300 1249 374; x_wconf 76' lang='lat'>105</span> 
     </span>
    </p>
   </div>
   <div class='ocr_carea' id='block_1_2' title="bbox 145 464 1255 980">
    <p class='ocr_par' dir='ltr' id='par_1_2' title="bbox 145 464 1255 980">
     <span class='ocr_line' id='line_1_2' title="bbox 150 464 1250 552; baseline -0.006 -16"><span class='ocrx_word' id='word_1_5' title='bbox 150 484 197 536; x_wconf 88' lang='lat' dir='ltr'>est</span> <span class='ocrx_word' id='word_1_6' title='bbox 215 471 252 552; x_wconf 79' lang='grc'>1,</span> <span class='ocrx_word' id='word_1_7' title='bbox 272 471 404 534; x_wconf 86' lang='lat' dir='ltr'>lleraolii</span> <span class='ocrx_word' id='word_1_8' title='bbox 421 474 457 547; x_wconf 95' lang='grc'>6,</span> <span class='ocrx_word' id='word_1_9' title='bbox 478 468 590 532; x_wconf 79' lang='lat' dir='ltr'>christi</span> <span class='ocrx_word' id='word_1_10' title='bbox 611 469 689 545; x_wconf 84' lang='grc'>616,</span> <span class='ocrx_word' id='word_1_11' title='bbox 711 465 865 550; x_wconf 75' lang='lat' dir='ltr'>siquidem</span> <span class='ocrx_word' id='word_1_12' title='bbox 882 464 1068 548; x_wconf 78' lang='lat' dir='ltr'>p-888kal.</span> <span class='ocrx_word' id='word_1_13' title='bbox 1086 468 1250 530; x_wconf 83' lang='lat' dir='ltr'>biartiife·</span> 
     </span>
     <span class='ocr_line' id='line_1_3' title="bbox 150 551 1252 636; baseline -0.004 -16"><span class='ocrx_word' id='word_1_14' title='bbox 150 563 229 620; x_wconf 89' lang='lat' dir='ltr'>riam</span> <span class='ocrx_word' id='word_1_15' title='bbox 250 565 269 625; x_wconf 79' lang='lat'><em>2</em></span> <span class='ocrx_word' id='word_1_16' title='bbox 291 561 384 620; x_wconf 76' lang='lat' dir='ltr'>futur</span> <span class='ocrx_word' id='word_1_17' title='bbox 408 556 498 634; x_wconf 73' lang='lat' dir='ltr'>dicit,</span> <span class='ocrx_word' id='word_1_18' title='bbox 530 575 640 636; x_wconf 86' lang='lat' dir='ltr'>nempe</span> <span class='ocrx_word' id='word_1_19' title='bbox 663 555 747 636; x_wconf 86' lang='lat' dir='ltr'>oyolo</span> <span class='ocrx_word' id='word_1_20' title='bbox 772 558 809 631; x_wconf 85' lang='lat'>9,</span> <span class='ocrx_word' id='word_1_21' title='bbox 837 556 925 614; x_wconf 88' lang='lat' dir='ltr'>litera</span> <span class='ocrx_word' id='word_1_22' title='bbox 944 551 1058 614; x_wconf 87' lang='lat' dir='ltr'>domin.</span> <span class='ocrx_word' id='word_1_23' title='bbox 1082 556 1116 613; x_wconf 85' lang='lat' dir='ltr'>c.</span> <span class='ocrx_word' id='word_1_24' title='bbox 1158 557 1252 634; x_wconf 79' lang='lat' dir='ltr'>igitur</span> 
     </span>
     <span class='ocr_line' id='line_1_4' title="bbox 150 637 1252 720; baseline -0.005 -15"><span class='ocrx_word' id='word_1_25' title='bbox 150 666 180 705; x_wconf 87' lang='lat' dir='ltr'>a.</span> <span class='ocrx_word' id='word_1_26' title='bbox 203 647 236 706; x_wconf 87' lang='lat' dir='ltr'>c.</span> <span class='ocrx_word' id='word_1_27' title='bbox 258 648 335 720; x_wconf 90' lang='grc'>616,</span> <span class='ocrx_word' id='word_1_28' title='bbox 363 642 471 705; x_wconf 88' lang='lat' dir='ltr'>Indiot.</span> <span class='ocrx_word' id='word_1_29' title='bbox 493 641 531 718; x_wconf 77' lang='grc'>1,</span> <span class='ocrx_word' id='word_1_30' title='bbox 562 642 695 704; x_wconf 82' lang='lat' dir='ltr'>lleraulii</span> <span class='ocrx_word' id='word_1_31' title='bbox 713 645 733 707; x_wconf 94' lang='grc'>6</span> <span class='ocrx_word' id='word_1_32' title='bbox 753 641 829 702; x_wconf 72' lang='lat' dir='ltr'>Sais</span> <span class='ocrx_word' id='word_1_33' title='bbox 851 651 946 700; x_wconf 85' lang='lat' dir='ltr'>oestra</span> <span class='ocrx_word' id='word_1_34' title='bbox 968 639 1007 698; x_wconf 87' lang='lat' dir='ltr'>ad</span> <span class='ocrx_word' id='word_1_35' title='bbox 1028 637 1252 700; x_wconf 81' lang='lat' dir='ltr'>Chalcedouem</span> 
     </span>
     <span class='ocr_line' id='line_1_5' title="bbox 149 723 1251 810; baseline -0.005 -20"><span class='ocrx_word' id='word_1_36' title='bbox 149 730 310 810; x_wconf 79' lang='lat' dir='ltr'>applicuit,</span> <span class='ocrx_word' id='word_1_37' title='bbox 332 740 362 790; x_wconf 88' lang='lat' dir='ltr'>et</span> <span class='ocrx_word' id='word_1_38' title='bbox 377 734 398 794; x_wconf 87' lang='lat'><strong>6</strong></span> <span class='ocrx_word' id='word_1_39' title='bbox 412 747 560 791; x_wconf 84' lang='lat' dir='ltr'>annorum</span> <span class='ocrx_word' id='word_1_40' title='bbox 574 725 817 806; x_wconf 87' lang='lat' dir='ltr'>proohronismus</span> <span class='ocrx_word' id='word_1_41' title='bbox 829 744 848 784; x_wconf 88' lang='lat' dir='ltr'>a</span> <span class='ocrx_word' id='word_1_42' title='bbox 861 723 1097 805; x_wconf 79' lang='lat' dir='ltr'>chronographis</span> <span class='ocrx_word' id='word_1_43' title='bbox 1110 737 1141 784; x_wconf 86' lang='lat' dir='ltr'>ot</span> <span class='ocrx_word' id='word_1_44' title='bbox 1152 724 1251 786; x_wconf 86' lang='lat' dir='ltr'>histo-</span> 
     </span>
     <span class='ocr_line' id='line_1_6' title="bbox 145 809 1252 894; baseline 0 -18"><span class='ocrx_word' id='word_1_45' title='bbox 145 819 221 884; x_wconf 75' lang='lat' dir='ltr'>¹riuis</span> <span class='ocrx_word' id='word_1_46' title='bbox 242 819 420 875; x_wconf 83' lang='lat' dir='ltr'>commissus</span> <span class='ocrx_word' id='word_1_47' title='bbox 442 824 496 874; x_wconf 89' lang='lat' dir='ltr'>est.</span> <span class='ocrx_word' id='word_1_48' title='bbox 538 832 611 872; x_wconf 87' lang='lat' dir='ltr'>nam</span> <span class='ocrx_word' id='word_1_49' title='bbox 629 811 711 894; x_wconf 90' lang='lat' dir='ltr'>quod</span> <span class='ocrx_word' id='word_1_50' title='bbox 723 813 771 870; x_wconf 92' lang='lat' dir='ltr'>illi</span> <span class='ocrx_word' id='word_1_51' title='bbox 783 831 811 870; x_wconf 90' lang='lat' dir='ltr'>a.</span> <span class='ocrx_word' id='word_1_52' title='bbox 824 812 957 870; x_wconf 74' lang='lat' dir='ltr'>Heuaolii</span> <span class='ocrx_word' id='word_1_53' title='bbox 973 817 1030 886; x_wconf 76' lang='lat'>12,</span> <span class='ocrx_word' id='word_1_54' title='bbox 1052 809 1165 871; x_wconf 88' lang='lat' dir='ltr'>christi</span> <span class='ocrx_word' id='word_1_55' title='bbox 1172 816 1252 886; x_wconf 79' lang='lat'>-621,</span> 
     </span>
     <span class='ocr_line' id='line_1_7' title="bbox 148 897 1255 980; baseline -0.005 -18"><span class='ocrx_word' id='word_1_56' title='bbox 148 903 232 976; x_wconf 88' lang='lat' dir='ltr'>irno,</span> <span class='ocrx_word' id='word_1_57' title='bbox 253 912 287 958; x_wconf 90' lang='lat' dir='ltr'>ut</span> <span class='ocrx_word' id='word_1_58' title='bbox 308 912 412 980; x_wconf 86' lang='lat' dir='ltr'>postea</span> <span class='ocrx_word' id='word_1_59' title='bbox 434 897 720 972; x_wconf 86' lang='lat' dir='ltr'>demonstrabimus,</span> <span class='ocrx_word' id='word_1_60' title='bbox 742 901 822 971; x_wconf 74' lang='lat'>622,</span> <span class='ocrx_word' id='word_1_61' title='bbox 846 916 882 956; x_wconf 84' lang='lat' dir='ltr'>ea</span> <span class='ocrx_word' id='word_1_62' title='bbox 895 898 1055 974; x_wconf 70' lang='lat' dir='ltr'>contigisse</span> <span class='ocrx_word' id='word_1_63' title='bbox 1068 899 1255 976; x_wconf 79' lang='lat' dir='ltr'>voluutport</span> 
     </span>
    </p>
   </div>
   <div class='ocr_carea' id='block_1_3' title="bbox 149 980 1350 4391">
    <p class='ocr_par' dir='ltr' id='par_1_3' title="bbox 149 980 1257 1746">
     <span class='ocr_line' id='line_1_8' title="bbox 149 980 1254 1065; baseline -0.005 -21"><span class='ocrx_word' id='word_1_64' title='bbox 149 984 282 1065; x_wconf 82' lang='lat' dir='ltr'>paseha,</span> <span class='ocrx_word' id='word_1_65' title='bbox 302 987 415 1045; x_wconf 81' lang='lat' dir='ltr'>falsum</span> <span class='ocrx_word' id='word_1_66' title='bbox 436 983 509 1046; x_wconf 89' lang='lat' dir='ltr'>inda</span> <span class='ocrx_word' id='word_1_67' title='bbox 534 985 720 1050; x_wconf 70' lang='lat' dir='ltr'>convincitur</span> <span class='ocrx_word' id='word_1_68' title='bbox 741 980 824 1064; x_wconf 85' lang='lat' dir='ltr'>quod</span> <span class='ocrx_word' id='word_1_69' title='bbox 843 1001 922 1042; x_wconf 87' lang='lat' dir='ltr'>anuo</span> <span class='ocrx_word' id='word_1_70' title='bbox 942 983 1074 1042; x_wconf 85' lang='lat' dir='ltr'>ileraolii</span> <span class='ocrx_word' id='word_1_71' title='bbox 1094 988 1131 1046; x_wconf 91' lang='grc'>11</span> <span class='ocrx_word' id='word_1_72' title='bbox 1149 985 1254 1061; x_wconf 89' lang='lat' dir='ltr'>oopiae</span> 
     </span>
     <span class='ocr_line' id='line_1_9' title="bbox 149 1065 1254 1147; baseline -0.005 -17"><span class='ocrx_word' id='word_1_73' title='bbox 149 1074 356 1130; x_wconf 80' lang='lat' dir='ltr'>Romanorum</span> <span class='ocrx_word' id='word_1_74' title='bbox 374 1073 407 1130; x_wconf 90' lang='lat' dir='ltr'>in</span> <span class='ocrx_word' id='word_1_75' title='bbox 430 1073 534 1132; x_wconf 80' lang='lat' dir='ltr'>Asiam</span> <span class='ocrx_word' id='word_1_76' title='bbox 552 1089 595 1128; x_wconf 82' lang='lat' dir='ltr'>ex</span> <span class='ocrx_word' id='word_1_77' title='bbox 614 1072 735 1147; x_wconf 77' lang='lat' dir='ltr'><strong>Europa</strong></span> <span class='ocrx_word' id='word_1_78' title='bbox 753 1069 914 1129; x_wconf 67' lang='lat' dir='ltr'>translatae</span> <span class='ocrx_word' id='word_1_79' title='bbox 928 1078 1008 1128; x_wconf 87' lang='lat' dir='ltr'>suut.</span> <span class='ocrx_word' id='word_1_80' title='bbox 1052 1065 1171 1126; x_wconf 85' lang='lat' dir='ltr'>utillud</span> <span class='ocrx_word' id='word_1_81' title='bbox 1184 1078 1254 1126; x_wconf 87' lang='lat' dir='ltr'>ante</span> 
     </span>
     <span class='ocr_line' id='line_1_10' title="bbox 150 1149 1255 1236; baseline -0.006 -18"><span class='ocrx_word' id='word_1_82' title='bbox 150 1157 230 1218; x_wconf 80' lang='lat' dir='ltr'>Saue</span> <span class='ocrx_word' id='word_1_83' title='bbox 253 1157 435 1236; x_wconf 85' lang='lat' dir='ltr'>oolloquiuru</span> <span class='ocrx_word' id='word_1_84' title='bbox 448 1157 624 1235; x_wconf 71' lang='lat' dir='ltr'><strong>legatosque</strong></span> <span class='ocrx_word' id='word_1_85' title='bbox 638 1156 746 1213; x_wconf 62' lang='lat' dir='ltr'>mesos</span> <span class='ocrx_word' id='word_1_86' title='bbox 760 1153 826 1213; x_wconf 85' lang='lat' dir='ltr'>lieri</span> <span class='ocrx_word' id='word_1_87' title='bbox 841 1173 903 1212; x_wconf 93' lang='lat' dir='ltr'>non</span> <span class='ocrx_word' id='word_1_88' title='bbox 920 1149 1033 1231; x_wconf 81' lang='lat' dir='ltr'>potuit,</span> <span class='ocrx_word' id='word_1_89' title='bbox 1052 1163 1088 1210; x_wconf 89' lang='lat' dir='ltr'>ut</span> <span class='ocrx_word' id='word_1_90' title='bbox 1106 1172 1147 1210; x_wconf 81' lang='lat' dir='ltr'>ex</span> <span class='ocrx_word' id='word_1_91' title='bbox 1163 1155 1255 1211; x_wconf 78' lang='lat' dir='ltr'>Niue-</span> 
     </span>
     <span class='ocr_line' id='line_1_11' title="bbox 150 1235 1256 1320; baseline -0.002 -22"><span class='ocrx_word' id='word_1_92' title='bbox 150 1237 248 1320; x_wconf 86' lang='lat' dir='ltr'>phoro</span> <span class='ocrx_word' id='word_1_93' title='bbox 268 1252 369 1302; x_wconf 87' lang='lat' dir='ltr'>nostro</span> <span class='ocrx_word' id='word_1_94' title='bbox 388 1239 510 1300; x_wconf 81' lang='lat' dir='ltr'>evidens</span> <span class='ocrx_word' id='word_1_95' title='bbox 530 1249 592 1298; x_wconf 83' lang='lat' dir='ltr'>est:</span> <span class='ocrx_word' id='word_1_96' title='bbox 613 1235 750 1297; x_wconf 83' lang='lat' dir='ltr'>noudum</span> <span class='ocrx_word' id='word_1_97' title='bbox 764 1237 846 1294; x_wconf 89' lang='lat' dir='ltr'>enim</span> <span class='ocrx_word' id='word_1_98' title='bbox 859 1237 1015 1294; x_wconf 83' lang='lat' dir='ltr'>lieraolius</span> <span class='ocrx_word' id='word_1_99' title='bbox 1028 1235 1256 1314; x_wconf 76' lang='lat' dir='ltr'>expeditionem</span> 
     </span>
     <span class='ocr_line' id='line_1_12' title="bbox 150 1317 1256 1403; baseline -0.003 -19"><span class='ocrx_word' id='word_1_100' title='bbox 150 1324 321 1386; x_wconf 83' lang='lat' dir='ltr'>adornaret.</span> <span class='ocrx_word' id='word_1_101' title='bbox 363 1347 435 1386; x_wconf 84' lang='lat' dir='ltr'>saue</span> <span class='ocrx_word' id='word_1_102' title='bbox 453 1341 530 1403; x_wconf 87' lang='lat' dir='ltr'>quaa</span> <span class='ocrx_word' id='word_1_103' title='bbox 547 1321 586 1386; x_wconf 81' lang='lat' dir='ltr'>de</span> <span class='ocrx_word' id='word_1_104' title='bbox 600 1321 685 1380; x_wconf 83' lang='lat' dir='ltr'>Saito</span> <span class='ocrx_word' id='word_1_105' title='bbox 703 1317 855 1394; x_wconf 84' lang='lat' dir='ltr'>diximus,</span> <span class='ocrx_word' id='word_1_106' title='bbox 876 1318 930 1378; x_wconf 90' lang='lat' dir='ltr'>din</span> <span class='ocrx_word' id='word_1_107' title='bbox 947 1331 1017 1378; x_wconf 86' lang='lat' dir='ltr'>ente</span> <span class='ocrx_word' id='word_1_108' title='bbox 1035 1323 1167 1403; x_wconf 78' lang='lat' dir='ltr'>Heraolii</span> <span class='ocrx_word' id='word_1_109' title='bbox 1181 1343 1256 1401; x_wconf 89' lang='lat' dir='ltr'>pro-</span> 
     </span>
     <span class='ocr_line' id='line_1_13' title="bbox 149 1405 1256 1486; baseline -0.014 -16"><span class='ocrx_word' id='word_1_110' title='bbox 149 1412 313 1470; x_wconf 81' lang='lat' dir='ltr'>feationem</span> <span class='ocrx_word' id='word_1_111' title='bbox 332 1409 372 1470; x_wconf 90' lang='lat' dir='ltr'>ad</span> <span class='ocrx_word' id='word_1_112' title='bbox 385 1405 609 1468; x_wconf 80' lang='lat' dir='ltr'>Ghaloedonem</span> <span class='ocrx_word' id='word_1_113' title='bbox 622 1425 691 1464; x_wconf 87' lang='lat' dir='ltr'>oum</span> <span class='ocrx_word' id='word_1_114' title='bbox 705 1407 885 1483; x_wconf 81' lang='lat' dir='ltr'>imperatore</span> <span class='ocrx_word' id='word_1_115' title='bbox 897 1405 1093 1482; x_wconf 74' lang='lat' dir='ltr'>nausegisse,</span> <span class='ocrx_word' id='word_1_116' title='bbox 1118 1405 1256 1486; x_wconf 72' lang='lat' dir='ltr'>adstipu-</span> 
     </span>
     <span class='ocr_line' id='line_1_14' title="bbox 149 1488 1257 1570; baseline -0.002 -16"><span class='ocrx_word' id='word_1_117' title='bbox 149 1497 278 1555; x_wconf 81' lang='lat' dir='ltr'>latorem</span> <span class='ocrx_word' id='word_1_118' title='bbox 291 1493 405 1554; x_wconf 84' lang='lat' dir='ltr'>hsbent</span> <span class='ocrx_word' id='word_1_119' title='bbox 417 1493 582 1570; x_wconf 79' lang='lat' dir='ltr'>Georgium</span> <span class='ocrx_word' id='word_1_120' title='bbox 593 1491 780 1569; x_wconf 82' lang='lat' dir='ltr'>Synoellum,</span> <span class='ocrx_word' id='word_1_121' title='bbox 796 1507 837 1548; x_wconf 84' lang='lat' dir='ltr'>ex</span> <span class='ocrx_word' id='word_1_122' title='bbox 848 1508 910 1570; x_wconf 81' lang='lat' dir='ltr'>quo</span> <span class='ocrx_word' id='word_1_123' title='bbox 921 1488 1074 1549; x_wconf 78' lang='lat' dir='ltr'>cedrenus</span> <span class='ocrx_word' id='word_1_124' title='bbox 1085 1493 1144 1549; x_wconf 86' lang='lat' dir='ltr'>ista</span> <span class='ocrx_word' id='word_1_125' title='bbox 1155 1503 1257 1552; x_wconf 79' lang='lat' dir='ltr'>uane-</span> 
     </span>
     <span class='ocr_line' id='line_1_15' title="bbox 149 1572 1257 1656; baseline -0.004 -16"><span class='ocrx_word' id='word_1_126' title='bbox 149 1583 236 1655; x_wconf 89' lang='lat' dir='ltr'>tulit,</span> <span class='ocrx_word' id='word_1_127' title='bbox 258 1578 313 1640; x_wconf 87' lang='lat' dir='ltr'>sed</span> <span class='ocrx_word' id='word_1_128' title='bbox 325 1581 500 1653; x_wconf 77' lang='lat' dir='ltr'>nominum,</span> <span class='ocrx_word' id='word_1_129' title='bbox 522 1575 561 1635; x_wconf 88' lang='lat' dir='ltr'>de</span> <span class='ocrx_word' id='word_1_130' title='bbox 577 1595 638 1656; x_wconf 88' lang='lat' dir='ltr'>qua</span> <span class='ocrx_word' id='word_1_131' title='bbox 652 1593 729 1634; x_wconf 82' lang='lat' dir='ltr'>mox</span> <span class='ocrx_word' id='word_1_132' title='bbox 743 1572 980 1654; x_wconf 68' lang='lat' dir='ltr'>disputabimus,</span> <span class='ocrx_word' id='word_1_133' title='bbox 1002 1575 1148 1636; x_wconf 78' lang='lat' dir='ltr'>affinitate</span> <span class='ocrx_word' id='word_1_134' title='bbox 1165 1577 1257 1636; x_wconf 85' lang='lat' dir='ltr'>deoa-</span> 
     </span>
     <span class='ocr_line' id='line_1_16' title="bbox 149 1661 632 1746; baseline -0.01 -21"><span class='ocrx_word' id='word_1_135' title='bbox 149 1675 222 1746; x_wconf 89' lang='lat' dir='ltr'>ptns</span> <span class='ocrx_word' id='word_1_136' title='bbox 235 1665 334 1725; x_wconf 88' lang='lat' dir='ltr'>alieno</span> <span class='ocrx_word' id='word_1_137' title='bbox 345 1675 481 1744; x_wconf 83' lang='lat' dir='ltr'>tempore</span> <span class='ocrx_word' id='word_1_138' title='bbox 491 1661 632 1722; x_wconf 77' lang='lat' dir='ltr'>reddidit.</span> 
     </span>
    </p>

    <p class='ocr_par' dir='ltr' id='par_1_4' title="bbox 150 1732 1350 4391">
     <span class='ocr_line' id='line_1_17' title="bbox 237 1732 1284 1830; baseline -0.006 -16"><span class='ocrx_word' id='word_1_139' title='bbox 237 1769 268 1830; x_wconf 85' lang='lat' dir='ltr'>p·</span> <span class='ocrx_word' id='word_1_140' title='bbox 283 1753 324 1816; x_wconf 86' lang='lat'>10</span> <span class='ocrx_word' id='word_1_141' title='bbox 339 1770 368 1810; x_wconf 83' lang='lat' dir='ltr'>v.</span> <span class='ocrx_word' id='word_1_142' title='bbox 385 1747 435 1814; x_wconf 81' lang='lat'>16.</span> <span class='ocrx_word' id='word_1_143' title='bbox 476 1742 612 1830; x_wconf 74' lang='grc' dir='ltr'>ἤγιμόνα</span> <span class='ocrx_word' id='word_1_144' title='bbox 631 1748 694 1810; x_wconf 81' lang='lat' dir='ltr'>seis</span> <span class='ocrx_word' id='word_1_145' title='bbox 718 1743 898 1825; x_wconf 64' lang='grc' dir='ltr'>Περσικῶν]</span> <span class='ocrx_word' id='word_1_146' title='bbox 919 1739 1001 1808; x_wconf 74' lang='grc' dir='ltr'>Σάϊν</span> <span class='ocrx_word' id='word_1_147' title='bbox 1019 1741 1102 1805; x_wconf 85' lang='lat' dir='ltr'>hune</span> <span class='ocrx_word' id='word_1_148' title='bbox 1123 1746 1257 1826; x_wconf 86' lang='lat' dir='ltr'>appellat</span> <span class='ocrx_word' id='word_1_149' title='bbox 1271 1732 1284 1759; x_wconf 73' lang='lat'>⁶</span> 
     </span>
     <span class='ocr_line' id='line_1_18' title="bbox 150 1831 1257 1909; baseline -0.005 -13"><span class='ocrx_word' id='word_1_150' title='bbox 150 1833 306 1896; x_wconf 87' lang='lat' dir='ltr'>cedrenus</span> <span class='ocrx_word' id='word_1_151' title='bbox 329 1845 359 1894; x_wconf 90' lang='lat' dir='ltr'>et</span> <span class='ocrx_word' id='word_1_152' title='bbox 377 1836 468 1896; x_wconf 77' lang='lat' dir='ltr'>Alex.</span> <span class='ocrx_word' id='word_1_153' title='bbox 483 1831 664 1893; x_wconf 87' lang='lat' dir='ltr'>chroniooa.</span> <span class='ocrx_word' id='word_1_154' title='bbox 679 1849 752 1890; x_wconf 81' lang='lat' dir='ltr'>aare</span> <span class='ocrx_word' id='word_1_155' title='bbox 767 1841 871 1890; x_wconf 84' lang='lat' dir='ltr'>autem</span> <span class='ocrx_word' id='word_1_156' title='bbox 886 1849 956 1890; x_wconf 84' lang='lat' dir='ltr'>oum</span> <span class='ocrx_word' id='word_1_157' title='bbox 971 1832 1065 1891; x_wconf 89' lang='lat' dir='ltr'>altero</span> <span class='ocrx_word' id='word_1_158' title='bbox 1078 1831 1257 1909; x_wconf 84' lang='lat' dir='ltr'>ooufurrdas,</span> 
     </span>
     <span class='ocr_line' id='line_1_19' title="bbox 151 1914 1257 2001; baseline -0.003 -21"><span class='ocrx_word' id='word_1_159' title='bbox 151 1939 245 2001; x_wconf 82' lang='lat' dir='ltr'>quem</span> <span class='ocrx_word' id='word_1_160' title='bbox 264 1915 353 2000; x_wconf 72' lang='grc' dir='ltr'>Σᾶην</span> <span class='ocrx_word' id='word_1_161' title='bbox 368 1929 473 2000; x_wconf 86' lang='lat' dir='ltr'>postea</span> <span class='ocrx_word' id='word_1_162' title='bbox 485 1928 573 1978; x_wconf 84' lang='lat' dir='ltr'>vooat</span> <span class='ocrx_word' id='word_1_163' title='bbox 585 1915 669 1976; x_wconf 83' lang='lat' dir='ltr'>idom</span> <span class='ocrx_word' id='word_1_164' title='bbox 682 1914 835 1976; x_wconf 74' lang='lat' dir='ltr'>cedrenus</span> <span class='ocrx_word' id='word_1_165' title='bbox 846 1936 885 1975; x_wconf 88' lang='lat' dir='ltr'>ao</span> <span class='ocrx_word' id='word_1_166' title='bbox 898 1914 1118 1996; x_wconf 80' lang='lat' dir='ltr'>Theophanes,</span> <span class='ocrx_word' id='word_1_167' title='bbox 1142 1919 1257 1977; x_wconf 86' lang='lat' dir='ltr'>Paulas</span> 
     </span>
     <span class='ocr_line' id='line_1_20' title="bbox 150 2000 1258 2084; baseline -0.002 -20"><span class='ocrx_word' id='word_1_168' title='bbox 150 2007 303 2065; x_wconf 84' lang='lat' dir='ltr'>Diaoorrus</span> <span class='ocrx_word' id='word_1_169' title='bbox 316 2003 435 2066; x_wconf 83' lang='lat' dir='ltr'>Sathin.</span> <span class='ocrx_word' id='word_1_170' title='bbox 478 2020 556 2084; x_wconf 87' lang='lat' dir='ltr'>qnae</span> <span class='ocrx_word' id='word_1_171' title='bbox 569 2004 728 2062; x_wconf 85' lang='lat' dir='ltr'>nominum</span> <span class='ocrx_word' id='word_1_172' title='bbox 740 2000 870 2062; x_wconf 83' lang='lat' dir='ltr'>affinitas</span> <span class='ocrx_word' id='word_1_173' title='bbox 882 2002 1008 2060; x_wconf 78' lang='lat' dir='ltr'>mirifice</span> <span class='ocrx_word' id='word_1_174' title='bbox 1020 2000 1258 2083; x_wconf 80' lang='lat' dir='ltr'>chronographis</span> 
     </span>
     <span class='ocr_line' id='line_1_21' title="bbox 150 2085 1258 2171; baseline -0.001 -22"><span class='ocrx_word' id='word_1_175' title='bbox 150 2101 245 2171; x_wconf 86' lang='lat' dir='ltr'>atque</span> <span class='ocrx_word' id='word_1_176' title='bbox 259 2091 415 2148; x_wconf 89' lang='lat' dir='ltr'>annalium</span> <span class='ocrx_word' id='word_1_177' title='bbox 426 2087 619 2168; x_wconf 75' lang='lat' dir='ltr'>scriptoribus</span> <span class='ocrx_word' id='word_1_178' title='bbox 629 2088 785 2167; x_wconf 86' lang='lat' dir='ltr'>imposuit.</span> <span class='ocrx_word' id='word_1_179' title='bbox 827 2085 955 2166; x_wconf 87' lang='lat' dir='ltr'>proinde</span> <span class='ocrx_word' id='word_1_180' title='bbox 967 2089 1012 2148; x_wconf 88' lang='lat' dir='ltr'>sio</span> <span class='ocrx_word' id='word_1_181' title='bbox 1023 2085 1144 2164; x_wconf 84' lang='lat' dir='ltr'>habeto,</span> <span class='ocrx_word' id='word_1_182' title='bbox 1165 2091 1258 2169; x_wconf 86' lang='lat' dir='ltr'>quin·</span> 
     </span>
     <span class='ocr_line' id='line_1_22' title="bbox 151 2169 1259 2256; baseline -0.001 -22"><span class='ocrx_word' id='word_1_183' title='bbox 151 2195 213 2256; x_wconf 86' lang='lat' dir='ltr'>que</span> <span class='ocrx_word' id='word_1_184' title='bbox 237 2177 360 2235; x_wconf 89' lang='lat' dir='ltr'>omuino</span> <span class='ocrx_word' id='word_1_185' title='bbox 382 2171 474 2234; x_wconf 80' lang='lat' dir='ltr'>dures</span> <span class='ocrx_word' id='word_1_186' title='bbox 490 2192 510 2232; x_wconf 92' lang='lat' dir='ltr'>a</span> <span class='ocrx_word' id='word_1_187' title='bbox 523 2169 654 2232; x_wconf 70' lang='lat' dir='ltr'>chosrob</span> <span class='ocrx_word' id='word_1_188' title='bbox 673 2182 777 2231; x_wconf 80' lang='lat' dir='ltr'>coutrs</span> <span class='ocrx_word' id='word_1_189' title='bbox 790 2173 968 2232; x_wconf 76' lang='lat' dir='ltr'>Heraclium</span> <span class='ocrx_word' id='word_1_190' title='bbox 980 2175 1100 2233; x_wconf 87' lang='lat' dir='ltr'>missos.</span> <span class='ocrx_word' id='word_1_191' title='bbox 1142 2177 1259 2252; x_wconf 88' lang='lat' dir='ltr'>primus</span> 
     </span>
     <span class='ocr_line' id='line_1_23' title="bbox 152 2255 1259 2341; baseline -0.002 -21"><span class='ocrx_word' id='word_1_192' title='bbox 152 2269 200 2320; x_wconf 85' lang='lat' dir='ltr'>est</span> <span class='ocrx_word' id='word_1_193' title='bbox 220 2255 323 2339; x_wconf 74' lang='grc' dir='ltr'>Σᾶης,</span> <span class='ocrx_word' id='word_1_194' title='bbox 344 2277 435 2341; x_wconf 86' lang='lat' dir='ltr'>quem</span> <span class='ocrx_word' id='word_1_195' title='bbox 456 2259 574 2320; x_wconf 79' lang='lat' dir='ltr'>Saitum</span> <span class='ocrx_word' id='word_1_196' title='bbox 596 2257 730 2336; x_wconf 88' lang='lat' dir='ltr'>appellat</span> <span class='ocrx_word' id='word_1_197' title='bbox 745 2267 863 2332; x_wconf 85' lang='lat' dir='ltr'>noster,</span> <span class='ocrx_word' id='word_1_198' title='bbox 885 2277 904 2316; x_wconf 83' lang='lat' dir='ltr'>e</span> <span class='ocrx_word' id='word_1_199' title='bbox 920 2277 981 2340; x_wconf 87' lang='lat' dir='ltr'>quo</span> <span class='ocrx_word' id='word_1_200' title='bbox 994 2256 1182 2318; x_wconf 81' lang='lat' dir='ltr'>Alexandria</span> <span class='ocrx_word' id='word_1_201' title='bbox 1196 2264 1259 2318; x_wconf 81' lang='lat' dir='ltr'>Aa·</span> 
     </span>
     <span class='ocr_line' id='line_1_24' title="bbox 152 2340 1350 2425; baseline 0 -22"><span class='ocrx_word' id='word_1_202' title='bbox 152 2355 265 2425; x_wconf 80' lang='lat' dir='ltr'>gyptus</span> <span class='ocrx_word' id='word_1_203' title='bbox 279 2355 368 2425; x_wconf 87' lang='lat' dir='ltr'>atque</span> <span class='ocrx_word' id='word_1_204' title='bbox 380 2345 479 2405; x_wconf 89' lang='lat' dir='ltr'>omnis</span> <span class='ocrx_word' id='word_1_205' title='bbox 494 2345 600 2403; x_wconf 85' lang='lat' dir='ltr'>Oriens</span> <span class='ocrx_word' id='word_1_206' title='bbox 611 2352 745 2402; x_wconf 79' lang='lat' dir='ltr'>vastatus</span> <span class='ocrx_word' id='word_1_207' title='bbox 758 2353 815 2402; x_wconf 81' lang='lat' dir='ltr'>est.</span> <span class='ocrx_word' id='word_1_208' title='bbox 857 2340 910 2402; x_wconf 84' lang='lat' dir='ltr'>hio</span> <span class='ocrx_word' id='word_1_209' title='bbox 923 2341 1008 2424; x_wconf 89' lang='lat' dir='ltr'>qu&#39;od</span> <span class='ocrx_word' id='word_1_210' title='bbox 1021 2345 1197 2402; x_wconf 74' lang='lat' dir='ltr'>Heraclium</span> <span class='ocrx_word' id='word_1_211' title='bbox 1210 2347 1260 2403; x_wconf 81' lang='lat' dir='ltr'>ri·</span> <span class='ocrx_word' id='word_1_212' title='bbox 1273 2347 1297 2402; x_wconf 87' lang='lat' dir='ltr'>P</span> <span class='ocrx_word' id='word_1_213' title='bbox 1313 2348 1350 2404; x_wconf 77' lang='grc'>63</span> 
     </span>
     <span class='ocr_line' id='line_1_25' title="bbox 152 2425 1259 2509; baseline -0.002 -19"><span class='ocrx_word' id='word_1_214' title='bbox 152 2449 228 2490; x_wconf 82' lang='lat' dir='ltr'>vum</span> <span class='ocrx_word' id='word_1_215' title='bbox 240 2426 279 2487; x_wconf 85' lang='lat' dir='ltr'>ad</span> <span class='ocrx_word' id='word_1_216' title='bbox 290 2428 455 2491; x_wconf 78' lang='lat' dir='ltr'>chosroem</span> <span class='ocrx_word' id='word_1_217' title='bbox 468 2447 532 2488; x_wconf 87' lang='lat' dir='ltr'>nou</span> <span class='ocrx_word' id='word_1_218' title='bbox 545 2425 730 2503; x_wconf 68' lang='lat' dir='ltr'>adduxisset,</span> <span class='ocrx_word' id='word_1_219' title='bbox 753 2425 887 2488; x_wconf 70' lang='lat' dir='ltr'>damaeta</span> <span class='ocrx_word' id='word_1_220' title='bbox 899 2440 968 2488; x_wconf 86' lang='lat' dir='ltr'>onte</span> <span class='ocrx_word' id='word_1_221' title='bbox 979 2432 1147 2489; x_wconf 75' lang='lat' dir='ltr'>misertim</span> <span class='ocrx_word' id='word_1_222' title='bbox 1159 2431 1259 2509; x_wconf 84' lang='lat' dir='ltr'>periit,</span> 
     </span>
     <span class='ocr_line' id='line_1_26' title="bbox 153 2511 1262 2593; baseline 0 -19"><span class='ocrx_word' id='word_1_223' title='bbox 153 2527 224 2574; x_wconf 88' lang='lat' dir='ltr'>ante</span> <span class='ocrx_word' id='word_1_224' title='bbox 239 2533 362 2574; x_wconf 87' lang='lat' dir='ltr'>ornnem</span> <span class='ocrx_word' id='word_1_225' title='bbox 376 2514 508 2574; x_wconf 74' lang='lat' dir='ltr'>Heraclii</span> <span class='ocrx_word' id='word_1_226' title='bbox 521 2511 763 2593; x_wconf 84' lang='lat' dir='ltr'>expeditionem,</span> <span class='ocrx_word' id='word_1_227' title='bbox 784 2515 872 2574; x_wconf 84' lang='lat' dir='ltr'>ouius</span> <span class='ocrx_word' id='word_1_228' title='bbox 890 2515 946 2572; x_wconf 91' lang='lat' dir='ltr'>ille</span> <span class='ocrx_word' id='word_1_229' title='bbox 966 2515 1083 2592; x_wconf 83' lang='lat' dir='ltr'>legatos</span> <span class='ocrx_word' id='word_1_230' title='bbox 1097 2524 1158 2574; x_wconf 90' lang='lat' dir='ltr'>tres</span> <span class='ocrx_word' id='word_1_231' title='bbox 1173 2536 1190 2574; x_wconf 90' lang='lat' dir='ltr'>e</span> <span class='ocrx_word' id='word_1_232' title='bbox 1204 2517 1262 2574; x_wconf 89' lang='lat' dir='ltr'>Bi-</span> 
     </span>
     <span class='ocr_line' id='line_1_27' title="bbox 152 2596 1261 2682; baseline -0.001 -22"><span class='ocrx_word' id='word_1_233' title='bbox 152 2598 261 2682; x_wconf 81' lang='lat' dir='ltr'>thynia</span> <span class='ocrx_word' id='word_1_234' title='bbox 281 2602 314 2659; x_wconf 90' lang='lat' dir='ltr'>in</span> <span class='ocrx_word' id='word_1_235' title='bbox 335 2599 493 2661; x_wconf 85' lang='lat' dir='ltr'>Persidem</span> <span class='ocrx_word' id='word_1_236' title='bbox 508 2619 612 2659; x_wconf 83' lang='lat' dir='ltr'>seeum</span> <span class='ocrx_word' id='word_1_237' title='bbox 628 2596 766 2658; x_wconf 81' lang='lat' dir='ltr'>abduxit.</span> <span class='ocrx_word' id='word_1_238' title='bbox 808 2597 959 2658; x_wconf 81' lang='lat' dir='ltr'>seunadus</span> <span class='ocrx_word' id='word_1_239' title='bbox 974 2611 1020 2660; x_wconf 84' lang='lat' dir='ltr'>eat</span> <span class='ocrx_word' id='word_1_240' title='bbox 1035 2599 1198 2676; x_wconf 83' lang='lat' dir='ltr'>Sarbarus,</span> <span class='ocrx_word' id='word_1_241' title='bbox 1221 2598 1261 2659; x_wconf 88' lang='lat' dir='ltr'>de</span> 
     </span>
     <span class='ocr_line' id='line_1_28' title="bbox 153 2680 1261 2767; baseline -0.002 -21"><span class='ocrx_word' id='word_1_242' title='bbox 153 2705 216 2766; x_wconf 87' lang='lat' dir='ltr'>quo</span> <span class='ocrx_word' id='word_1_243' title='bbox 231 2685 333 2745; x_wconf 87' lang='lat' dir='ltr'>orebra</span> <span class='ocrx_word' id='word_1_244' title='bbox 346 2685 488 2767; x_wconf 86' lang='lat' dir='ltr'>deinoeps</span> <span class='ocrx_word' id='word_1_245' title='bbox 501 2687 627 2744; x_wconf 87' lang='lat' dir='ltr'>mentio.</span> <span class='ocrx_word' id='word_1_246' title='bbox 669 2682 753 2742; x_wconf 86' lang='lat' dir='ltr'>idem</span> <span class='ocrx_word' id='word_1_247' title='bbox 771 2680 824 2742; x_wconf 92' lang='lat' dir='ltr'>hio</span> <span class='ocrx_word' id='word_1_248' title='bbox 840 2685 1026 2746; x_wconf 83' lang='lat' dir='ltr'>Sarbauasas</span> <span class='ocrx_word' id='word_1_249' title='bbox 1042 2704 1061 2743; x_wconf 87' lang='lat' dir='ltr'>a</span> <span class='ocrx_word' id='word_1_250' title='bbox 1076 2683 1212 2745; x_wconf 83' lang='lat' dir='ltr'>cedreno</span> <span class='ocrx_word' id='word_1_251' title='bbox 1230 2695 1261 2744; x_wconf 90' lang='lat' dir='ltr'>et</span> 
     </span>
     <span class='ocr_line' id='line_1_29' title="bbox 152 2769 1261 2850; baseline -0.003 -18"><span class='ocrx_word' id='word_1_252' title='bbox 152 2769 346 2850; x_wconf 83' lang='lat' dir='ltr'>Theophane</span> <span class='ocrx_word' id='word_1_253' title='bbox 368 2781 492 2830; x_wconf 82' lang='lat' dir='ltr'>vocatur</span> <span class='ocrx_word' id='word_1_254' title='bbox 510 2789 539 2829; x_wconf 87' lang='lat' dir='ltr'>a.</span> <span class='ocrx_word' id='word_1_255' title='bbox 559 2774 615 2844; x_wconf 77' lang='lat'>15,</span> <span class='ocrx_word' id='word_1_256' title='bbox 638 2779 669 2828; x_wconf 89' lang='lat' dir='ltr'>et</span> <span class='ocrx_word' id='word_1_257' title='bbox 686 2769 883 2845; x_wconf 74' lang='lat' dir='ltr'>Barbarasas,</span> <span class='ocrx_word' id='word_1_258' title='bbox 905 2773 959 2850; x_wconf 85' lang='lat' dir='ltr'>qui</span> <span class='ocrx_word' id='word_1_259' title='bbox 973 2769 1012 2829; x_wconf 92' lang='lat' dir='ltr'>ad</span> <span class='ocrx_word' id='word_1_260' title='bbox 1026 2769 1261 2849; x_wconf 81' lang='lat' dir='ltr'>oppuguandam</span> 
     </span>
     <span class='ocr_line' id='line_1_30' title="bbox 154 2852 1263 2937; baseline -0.001 -22"><span class='ocrx_word' id='word_1_261' title='bbox 154 2855 277 2937; x_wconf 89' lang='lat' dir='ltr'>cpolim</span> <span class='ocrx_word' id='word_1_262' title='bbox 295 2858 406 2916; x_wconf 83' lang='lat' dir='ltr'>misam</span> <span class='ocrx_word' id='word_1_263' title='bbox 426 2858 460 2914; x_wconf 92' lang='lat' dir='ltr'>in</span> <span class='ocrx_word' id='word_1_264' title='bbox 480 2857 587 2914; x_wconf 87' lang='lat' dir='ltr'>itiuere</span> <span class='ocrx_word' id='word_1_265' title='bbox 604 2864 761 2914; x_wconf 70' lang='lat' dir='ltr'>revocatur</span> <span class='ocrx_word' id='word_1_266' title='bbox 773 2852 952 2930; x_wconf 70' lang='lat' dir='ltr'>achosroe,</span> <span class='ocrx_word' id='word_1_267' title='bbox 972 2855 1151 2936; x_wconf 74' lang='lat' dir='ltr'>inireturque</span> <span class='ocrx_word' id='word_1_268' title='bbox 1168 2857 1263 2934; x_wconf 83' lang='lat' dir='ltr'>copiis</span> 
     </span>
     <span class='ocr_line' id='line_1_31' title="bbox 154 2940 1265 3018; baseline -0.001 -17"><span class='ocrx_word' id='word_1_269' title='bbox 154 2961 227 3001; x_wconf 81' lang='lat' dir='ltr'>uum</span> <span class='ocrx_word' id='word_1_270' title='bbox 255 2941 437 3002; x_wconf 84' lang='lat' dir='ltr'>Sarablanoa</span> <span class='ocrx_word' id='word_1_271' title='bbox 459 2940 625 3000; x_wconf 85' lang='lat' dir='ltr'>ooniuuotis</span> <span class='ocrx_word' id='word_1_272' title='bbox 650 2957 719 2998; x_wconf 86' lang='lat' dir='ltr'>uum</span> <span class='ocrx_word' id='word_1_273' title='bbox 739 2940 879 2998; x_wconf 82' lang='lat' dir='ltr'>Heraolio</span> <span class='ocrx_word' id='word_1_274' title='bbox 900 2959 1045 3018; x_wconf 82' lang='lat' dir='ltr'>pugnare.</span> <span class='ocrx_word' id='word_1_275' title='bbox 1087 2942 1195 3000; x_wconf 86' lang='lat' dir='ltr'>tertius</span> <span class='ocrx_word' id='word_1_276' title='bbox 1217 2951 1265 3000; x_wconf 89' lang='lat' dir='ltr'>est</span> 
     </span>
     <span class='ocr_line' id='line_1_32' title="bbox 151 3021 1263 3108; baseline -0.003 -21"><span class='ocrx_word' id='word_1_277' title='bbox 151 3026 371 3102; x_wconf 79' lang='lat' dir='ltr'>Sarablauras,</span> <span class='ocrx_word' id='word_1_278' title='bbox 393 3024 432 3084; x_wconf 93' lang='lat' dir='ltr'>de</span> <span class='ocrx_word' id='word_1_279' title='bbox 450 3043 511 3108; x_wconf 86' lang='lat' dir='ltr'>quo</span> <span class='ocrx_word' id='word_1_280' title='bbox 530 3026 670 3084; x_wconf 83' lang='lat' dir='ltr'>meminit</span> <span class='ocrx_word' id='word_1_281' title='bbox 682 3021 835 3084; x_wconf 88' lang='lat' dir='ltr'>cedrenus</span> <span class='ocrx_word' id='word_1_282' title='bbox 852 3044 887 3083; x_wconf 82' lang='lat' dir='ltr'>ao</span> <span class='ocrx_word' id='word_1_283' title='bbox 902 3023 1108 3104; x_wconf 82' lang='lat' dir='ltr'>Theophanes</span> <span class='ocrx_word' id='word_1_284' title='bbox 1121 3044 1149 3084; x_wconf 87' lang='lat' dir='ltr'>a.</span> <span class='ocrx_word' id='word_1_285' title='bbox 1164 3028 1263 3085; x_wconf 84' lang='lat' dir='ltr'>Hera·</span> 
     </span>
     <span class='ocr_line' id='line_1_33' title="bbox 155 3109 1264 3192; baseline -0.001 -21"><span class='ocrx_word' id='word_1_286' title='bbox 155 3113 207 3171; x_wconf 89' lang='lat' dir='ltr'>olii</span> <span class='ocrx_word' id='word_1_287' title='bbox 223 3111 275 3176; x_wconf 84' lang='lat'>14.</span> <span class='ocrx_word' id='word_1_288' title='bbox 315 3121 441 3192; x_wconf 89' lang='lat' dir='ltr'>quartus</span> <span class='ocrx_word' id='word_1_289' title='bbox 463 3121 509 3170; x_wconf 90' lang='lat' dir='ltr'>est</span> <span class='ocrx_word' id='word_1_290' title='bbox 531 3111 614 3186; x_wconf 87' lang='lat' dir='ltr'>Sais,</span> <span class='ocrx_word' id='word_1_291' title='bbox 636 3112 723 3172; x_wconf 89' lang='lat' dir='ltr'>ouius</span> <span class='ocrx_word' id='word_1_292' title='bbox 736 3112 941 3170; x_wconf 88' lang='lat' dir='ltr'>meminerunt</span> <span class='ocrx_word' id='word_1_293' title='bbox 953 3109 1050 3170; x_wconf 85' lang='lat' dir='ltr'>iidem</span> <span class='ocrx_word' id='word_1_294' title='bbox 1063 3130 1092 3169; x_wconf 84' lang='lat' dir='ltr'>a.</span> <span class='ocrx_word' id='word_1_295' title='bbox 1106 3110 1148 3174; x_wconf 81' lang='lat'>14</span> <span class='ocrx_word' id='word_1_296' title='bbox 1170 3111 1211 3174; x_wconf 84' lang='lat'>15</span> <span class='ocrx_word' id='word_1_297' title='bbox 1232 3121 1264 3170; x_wconf 92' lang='lat' dir='ltr'>et</span> 
     </span>
     <span class='ocr_line' id='line_1_34' title="bbox 156 3197 1264 3277; baseline -0.005 -16"><span class='ocrx_word' id='word_1_298' title='bbox 156 3200 199 3261; x_wconf 82' lang='lat'>16</span> <span class='ocrx_word' id='word_1_299' title='bbox 211 3215 220 3270; x_wconf 71' lang='grc' dir='ltr'><strong>ς</strong></span> <span class='ocrx_word' id='word_1_300' title='bbox 242 3215 303 3276; x_wconf 88' lang='lat' dir='ltr'>quo</span> <span class='ocrx_word' id='word_1_301' title='bbox 316 3207 470 3277; x_wconf 87' lang='lat' dir='ltr'>postremo</span> <span class='ocrx_word' id='word_1_302' title='bbox 482 3215 562 3257; x_wconf 87' lang='lat' dir='ltr'>anuo</span> <span class='ocrx_word' id='word_1_303' title='bbox 574 3199 673 3257; x_wconf 51' lang='lat' dir='ltr'>¹rictus</span> <span class='ocrx_word' id='word_1_304' title='bbox 692 3197 729 3256; x_wconf 88' lang='lat' dir='ltr'>ab</span> <span class='ocrx_word' id='word_1_305' title='bbox 741 3197 882 3257; x_wconf 73' lang='lat' dir='ltr'>Heraclio</span> <span class='ocrx_word' id='word_1_306' title='bbox 897 3215 940 3254; x_wconf 86' lang='lat' dir='ltr'>ex</span> <span class='ocrx_word' id='word_1_307' title='bbox 950 3215 1087 3257; x_wconf 84' lang='lat' dir='ltr'>maerore</span> <span class='ocrx_word' id='word_1_308' title='bbox 1103 3206 1193 3277; x_wconf 84' lang='lat' dir='ltr'>atque</span> <span class='ocrx_word' id='word_1_309' title='bbox 1208 3215 1264 3256; x_wconf 83' lang='lat' dir='ltr'>ae·</span> 
     </span>
     <span class='ocr_line' id='line_1_35' title="bbox 157 3280 1264 3362; baseline 0.002 -23"><span class='ocrx_word' id='word_1_310' title='bbox 157 3281 310 3360; x_wconf 79' lang='lat' dir='ltr'>gritudine</span> <span class='ocrx_word' id='word_1_311' title='bbox 331 3293 466 3342; x_wconf 87' lang='lat' dir='ltr'>mortuus</span> <span class='ocrx_word' id='word_1_312' title='bbox 487 3293 542 3342; x_wconf 79' lang='lat' dir='ltr'>est.</span> <span class='ocrx_word' id='word_1_313' title='bbox 586 3283 652 3342; x_wconf 87' lang='lat' dir='ltr'>eius</span> <span class='ocrx_word' id='word_1_314' title='bbox 666 3300 775 3362; x_wconf 82' lang='lat' dir='ltr'>eorpus</span> <span class='ocrx_word' id='word_1_315' title='bbox 789 3284 990 3342; x_wconf 82' lang='lat' dir='ltr'>inveteratum</span> <span class='ocrx_word' id='word_1_316' title='bbox 1008 3293 1039 3340; x_wconf 89' lang='lat' dir='ltr'>et</span> <span class='ocrx_word' id='word_1_317' title='bbox 1055 3285 1089 3342; x_wconf 89' lang='lat' dir='ltr'>iu</span> <span class='ocrx_word' id='word_1_318' title='bbox 1105 3280 1264 3342; x_wconf 81' lang='lat' dir='ltr'>Persidem</span> 
     </span>
     <span class='ocr_line' id='line_1_36' title="bbox 156 3365 1265 3448; baseline 0.003 -25"><span class='ocrx_word' id='word_1_319' title='bbox 156 3368 284 3424; x_wconf 87' lang='lat' dir='ltr'>allatum</span> <span class='ocrx_word' id='word_1_320' title='bbox 298 3365 446 3427; x_wconf 80' lang='lat' dir='ltr'>chosroes</span> <span class='ocrx_word' id='word_1_321' title='bbox 459 3368 598 3446; x_wconf 83' lang='lat' dir='ltr'>plurimis</span> <span class='ocrx_word' id='word_1_322' title='bbox 614 3368 804 3428; x_wconf 83' lang='lat' dir='ltr'>uantumelils</span> <span class='ocrx_word' id='word_1_323' title='bbox 816 3366 927 3426; x_wconf 82' lang='lat' dir='ltr'>affeoit.</span> <span class='ocrx_word' id='word_1_324' title='bbox 969 3369 1093 3448; x_wconf 83' lang='lat' dir='ltr'>quintus</span> <span class='ocrx_word' id='word_1_325' title='bbox 1106 3378 1153 3426; x_wconf 89' lang='lat' dir='ltr'>est</span> <span class='ocrx_word' id='word_1_326' title='bbox 1166 3371 1265 3427; x_wconf 85' lang='lat' dir='ltr'>Rasa-</span> 
     </span>
     <span class='ocr_line' id='line_1_37' title="bbox 156 3450 1265 3532; baseline 0.002 -22"><span class='ocrx_word' id='word_1_327' title='bbox 156 3462 220 3524; x_wconf 88' lang='lat' dir='ltr'>tes,</span> <span class='ocrx_word' id='word_1_328' title='bbox 242 3453 296 3532; x_wconf 89' lang='lat' dir='ltr'>qui</span> <span class='ocrx_word' id='word_1_329' title='bbox 311 3469 339 3509; x_wconf 86' lang='lat' dir='ltr'>a.</span> <span class='ocrx_word' id='word_1_330' title='bbox 356 3454 397 3514; x_wconf 89' lang='grc'>17</span> <span class='ocrx_word' id='word_1_331' title='bbox 413 3450 451 3509; x_wconf 85' lang='lat' dir='ltr'>ab</span> <span class='ocrx_word' id='word_1_332' title='bbox 467 3453 606 3514; x_wconf 77' lang='lat' dir='ltr'>Heraclio</span> <span class='ocrx_word' id='word_1_333' title='bbox 620 3471 724 3514; x_wconf 81' lang='lat' dir='ltr'>oaesua</span> <span class='ocrx_word' id='word_1_334' title='bbox 737 3463 794 3512; x_wconf 83' lang='lat' dir='ltr'>est.</span> <span class='ocrx_word' id='word_1_335' title='bbox 835 3453 871 3510; x_wconf 78' lang='lat' dir='ltr'>at</span> <span class='ocrx_word' id='word_1_336' title='bbox 886 3463 917 3512; x_wconf 91' lang='lat' dir='ltr'>et</span> <span class='ocrx_word' id='word_1_337' title='bbox 932 3454 1055 3513; x_wconf 83' lang='lat' dir='ltr'>alterius</span> <span class='ocrx_word' id='word_1_338' title='bbox 1073 3453 1158 3512; x_wconf 76' lang='lat' dir='ltr'>duria</span> <span class='ocrx_word' id='word_1_339' title='bbox 1175 3473 1265 3512; x_wconf 86' lang='lat' dir='ltr'>men-</span> 
     </span>
     <span class='ocr_line' id='line_1_38' title="bbox 158 3532 1266 3618; baseline 0.002 -23"><span class='ocrx_word' id='word_1_340' title='bbox 158 3539 203 3595; x_wconf 90' lang='lat' dir='ltr'>tio</span> <span class='ocrx_word' id='word_1_341' title='bbox 224 3554 242 3593; x_wconf 84' lang='lat' dir='ltr'>a</span> <span class='ocrx_word' id='word_1_342' title='bbox 263 3537 407 3608; x_wconf 80' lang='lat' dir='ltr'>Leontio,</span> <span class='ocrx_word' id='word_1_343' title='bbox 431 3537 485 3614; x_wconf 90' lang='lat' dir='ltr'>qui</span> <span class='ocrx_word' id='word_1_344' title='bbox 507 3538 539 3596; x_wconf 83' lang='lat' dir='ltr'>S.</span> <span class='ocrx_word' id='word_1_345' title='bbox 557 3539 676 3596; x_wconf 82' lang='lat' dir='ltr'>Ioannis</span> <span class='ocrx_word' id='word_1_346' title='bbox 689 3532 869 3617; x_wconf 73' lang='grc' dir='ltr'><strong><em>Ἐλεήμονος</em></strong></span> <span class='ocrx_word' id='word_1_347' title='bbox 881 3541 975 3597; x_wconf 84' lang='lat' dir='ltr'>vitam</span> <span class='ocrx_word' id='word_1_348' title='bbox 996 3537 1108 3612; x_wconf 90' lang='lat' dir='ltr'>edidit,</span> <span class='ocrx_word' id='word_1_349' title='bbox 1129 3557 1221 3618; x_wconf 85' lang='lat' dir='ltr'>quem</span> <span class='ocrx_word' id='word_1_350' title='bbox 1237 3541 1266 3597; x_wconf 91' lang='lat' dir='ltr'>is</span> 
     </span>
     <span class='ocr_line' id='line_1_39' title="bbox 158 3623 1266 3702; baseline 0.001 -21"><span class='ocrx_word' id='word_1_351' title='bbox 158 3623 350 3682; x_wconf 78' lang='lat' dir='ltr'>liasmissum</span> <span class='ocrx_word' id='word_1_352' title='bbox 371 3631 476 3694; x_wconf 82' lang='lat' dir='ltr'>voest,</span> <span class='ocrx_word' id='word_1_353' title='bbox 498 3640 591 3702; x_wconf 89' lang='lat' dir='ltr'>aquo</span> <span class='ocrx_word' id='word_1_354' title='bbox 605 3631 721 3682; x_wconf 83' lang='lat' dir='ltr'>vastata</span> <span class='ocrx_word' id='word_1_355' title='bbox 734 3623 838 3682; x_wconf 76' lang='lat' dir='ltr'>scribit</span> <span class='ocrx_word' id='word_1_356' title='bbox 849 3625 917 3682; x_wconf 87' lang='lat' dir='ltr'>looa</span> <span class='ocrx_word' id='word_1_357' title='bbox 931 3634 1050 3682; x_wconf 86' lang='lat' dir='ltr'>sanata:</span> <span class='ocrx_word' id='word_1_358' title='bbox 1070 3642 1177 3680; x_wconf 86' lang='lat' dir='ltr'>verum</span> <span class='ocrx_word' id='word_1_359' title='bbox 1192 3625 1266 3682; x_wconf 79' lang='lat' dir='ltr'>Sar-</span> 
     </span>
     <span class='ocr_line' id='line_1_40' title="bbox 158 3705 1267 3788; baseline 0.001 -22"><span class='ocrx_word' id='word_1_360' title='bbox 158 3707 233 3766; x_wconf 88' lang='lat' dir='ltr'>baro</span> <span class='ocrx_word' id='word_1_361' title='bbox 255 3705 290 3766; x_wconf 92' lang='lat' dir='ltr'>id</span> <span class='ocrx_word' id='word_1_362' title='bbox 311 3705 478 3766; x_wconf 79' lang='lat' dir='ltr'>attribuunt</span> <span class='ocrx_word' id='word_1_363' title='bbox 496 3707 599 3765; x_wconf 83' lang='lat' dir='ltr'>aeteri.</span> <span class='ocrx_word' id='word_1_364' title='bbox 641 3707 696 3766; x_wconf 87' lang='lat' dir='ltr'>snb</span> <span class='ocrx_word' id='word_1_365' title='bbox 717 3711 816 3788; x_wconf 90' lang='lat' dir='ltr'>primo</span> <span class='ocrx_word' id='word_1_366' title='bbox 830 3709 886 3768; x_wconf 89' lang='lat' dir='ltr'>illo</span> <span class='ocrx_word' id='word_1_367' title='bbox 900 3710 960 3768; x_wconf 69' lang='lat' dir='ltr'>Sei</span> <span class='ocrx_word' id='word_1_368' title='bbox 974 3710 1120 3767; x_wconf 87' lang='lat' dir='ltr'>militasse</span> <span class='ocrx_word' id='word_1_369' title='bbox 1135 3709 1168 3766; x_wconf 88' lang='lat' dir='ltr'>S.</span> <span class='ocrx_word' id='word_1_370' title='bbox 1181 3710 1267 3767; x_wconf 85' lang='lat' dir='ltr'>Arra-</span> 
     </span>
     <span class='ocr_line' id='line_1_41' title="bbox 160 3789 1267 3935; baseline 0.002 -85"><span class='ocrx_word' id='word_1_371' title='bbox 160 3793 305 3935; x_wconf 53' lang='lat' dir='ltr'>pltpsium,</span> <span class='ocrx_word' id='word_1_372' title='bbox 326 3811 362 3852; x_wconf 86' lang='lat' dir='ltr'>ao</span> <span class='ocrx_word' id='word_1_373' title='bbox 375 3810 445 3850; x_wconf 90' lang='lat' dir='ltr'>oum</span> <span class='ocrx_word' id='word_1_374' title='bbox 459 3811 494 3850; x_wconf 88' lang='lat' dir='ltr'>eo</span> <span class='ocrx_word' id='word_1_375' title='bbox 511 3789 733 3896; x_wconf 76' lang='lat' dir='ltr'>chaloedonem</span> <span class='ocrx_word' id='word_1_376' title='bbox 744 3796 864 3854; x_wconf 80' lang='lat' dir='ltr'>venisse</span> <span class='ocrx_word' id='word_1_377' title='bbox 876 3792 1051 3896; x_wconf 76' lang='lat' dir='ltr'>ibidemque</span> <span class='ocrx_word' id='word_1_378' title='bbox 1064 3791 1267 3895; x_wconf 78' lang='lat' dir='ltr'>christianam</span> 
     </span>
     <span class='ocr_line' id='line_1_42' title="bbox 160 3879 1267 4043; baseline 0.002 -23"><span class='ocrx_word' id='word_1_379' title='bbox 160 3897 253 4022; x_wconf 50' lang='lat' dir='ltr'>meg</span> <span class='ocrx_word' id='word_1_380' title='bbox 270 3879 582 4038; x_wconf 42' lang='lat' dir='ltr'>hallu:lolleurlhhlilnltg²</span> <span class='ocrx_word' id='word_1_381' title='bbox 603 3879 679 4024; x_wconf 45' lang='lat'>¹:2¹1?</span> <span class='ocrx_word' id='word_1_382' title='bbox 680 3897 762 4024; x_wconf 51' lang='grc' dir='ltr'>Ἓξ</span> <span class='ocrx_word' id='word_1_383' title='bbox 768 3882 843 4029; x_wconf 50' lang='grc' dir='ltr'>ἰξῃ6</span> <span class='ocrx_word' id='word_1_384' title='bbox 849 3880 1035 4032; x_wconf 53' lang='grc' dir='ltr'>16ἛῖιίιρΞὶ</span> <span class='ocrx_word' id='word_1_385' title='bbox 1049 3888 1267 4043; x_wconf 48' lang='grc' dir='ltr'>ἒοῐοῖηᾚηῗ</span> 
     </span>
     <span class='ocr_line' id='line_1_43' title="bbox 162 4045 1267 4131; baseline 0.005 -27"><span class='ocrx_word' id='word_1_386' title='bbox 162 4045 237 4106; x_wconf 89' lang='lat' dir='ltr'>dum</span> <span class='ocrx_word' id='word_1_387' title='bbox 257 4047 339 4110; x_wconf 85' lang='lat' dir='ltr'>istud</span> <span class='ocrx_word' id='word_1_388' title='bbox 359 4067 425 4108; x_wconf 88' lang='lat' dir='ltr'>essa</span> <span class='ocrx_word' id='word_1_389' title='bbox 440 4049 530 4128; x_wconf 84' lang='lat' dir='ltr'>paulo</span> <span class='ocrx_word' id='word_1_390' title='bbox 543 4059 612 4108; x_wconf 87' lang='lat' dir='ltr'>aute</span> <span class='ocrx_word' id='word_1_391' title='bbox 627 4048 782 4110; x_wconf 75' lang='lat' dir='ltr'>evidenter·</span> <span class='ocrx_word' id='word_1_392' title='bbox 793 4061 949 4111; x_wconf 90' lang='lat' dir='ltr'>ostensum</span> <span class='ocrx_word' id='word_1_393' title='bbox 961 4058 1017 4111; x_wconf 83' lang='lat' dir='ltr'>est.</span> <span class='ocrx_word' id='word_1_394' title='bbox 1060 4052 1115 4131; x_wconf 89' lang='lat' dir='ltr'>qui</span> <span class='ocrx_word' id='word_1_395' title='bbox 1126 4052 1267 4129; x_wconf 82' lang='lat' dir='ltr'>martyris</span> 
     </span>
     <span class='ocr_line' id='line_1_44' title="bbox 162 4131 1269 4217; baseline 0.004 -27"><span class='ocrx_word' id='word_1_396' title='bbox 162 4135 257 4192; x_wconf 85' lang='lat' dir='ltr'>vitam</span> <span class='ocrx_word' id='word_1_397' title='bbox 270 4131 403 4213; x_wconf 90' lang='lat' dir='ltr'>prodidit</span> <span class='ocrx_word' id='word_1_398' title='bbox 416 4135 538 4194; x_wconf 78' lang='lat' dir='ltr'>Simeon</span> <span class='ocrx_word' id='word_1_399' title='bbox 552 4133 780 4217; x_wconf 68' lang='lat' dir='ltr'>metaphrastes,</span> <span class='ocrx_word' id='word_1_400' title='bbox 801 4139 845 4195; x_wconf 82' lang='lat' dir='ltr'>ita</span> <span class='ocrx_word' id='word_1_401' title='bbox 856 4135 895 4194; x_wconf 86' lang='lat' dir='ltr'>do</span> <span class='ocrx_word' id='word_1_402' title='bbox 907 4139 972 4196; x_wconf 91' lang='lat' dir='ltr'>eius</span> <span class='ocrx_word' id='word_1_403' title='bbox 984 4139 1178 4196; x_wconf 84' lang='lat' dir='ltr'>oourersioue</span> <span class='ocrx_word' id='word_1_404' title='bbox 1191 4137 1269 4194; x_wconf 86' lang='lat' dir='ltr'>sori-</span> 
     </span>
     <span class='ocr_line' id='line_1_45' title="bbox 161 4219 1269 4302; baseline 0.002 -24"><span class='ocrx_word' id='word_1_405' title='bbox 161 4219 224 4278; x_wconf 81' lang='lat' dir='ltr'>bit:</span> <span class='ocrx_word' id='word_1_406' title='bbox 248 4229 312 4278; x_wconf 82' lang='lat' dir='ltr'>erat</span> <span class='ocrx_word' id='word_1_407' title='bbox 326 4221 406 4278; x_wconf 80' lang='lat' dir='ltr'>enim</span> <span class='ocrx_word' id='word_1_408' title='bbox 419 4222 447 4277; x_wconf 87' lang='lat' dir='ltr'>es&#39;</span> <span class='ocrx_word' id='word_1_409' title='bbox 458 4219 693 4300; x_wconf 73' lang='lat' dir='ltr'>quidumsrater</span> <span class='ocrx_word' id='word_1_410' title='bbox 702 4241 813 4302; x_wconf 76' lang='lat' dir='ltr'>genere</span> <span class='ocrx_word' id='word_1_411' title='bbox 826 4233 857 4279; x_wconf 79' lang='lat' dir='ltr'>et</span> <span class='ocrx_word' id='word_1_412' title='bbox 868 4221 1043 4281; x_wconf 61' lang='lat' dir='ltr'>oomnulr‘ro:</span> <span class='ocrx_word' id='word_1_413' title='bbox 1064 4220 1153 4280; x_wconf 80' lang='lat' dir='ltr'>ambo</span> <span class='ocrx_word' id='word_1_414' title='bbox 1167 4231 1269 4280; x_wconf 79' lang='lat' dir='ltr'>aretem</span> 
     </span>
     <span class='ocr_line' id='line_1_46' title="bbox 162 4305 1269 4391; baseline 0.005 -29"><span class='ocrx_word' id='word_1_415' title='bbox 162 4305 251 4366; x_wconf 81' lang='lat' dir='ltr'>relati</span> <span class='ocrx_word' id='word_1_416' title='bbox 260 4307 295 4366; x_wconf 68' lang='lat' dir='ltr'>bs</span> <span class='ocrx_word' id='word_1_417' title='bbox 307 4325 465 4366; x_wconf 77' lang='lat' dir='ltr'>nuoumm</span> <span class='ocrx_word' id='word_1_418' title='bbox 478 4307 620 4369; x_wconf 63' lang='lat' dir='ltr'>amorim</span> <span class='ocrx_word' id='word_1_419' title='bbox 637 4308 729 4382; x_wconf 73' lang='lat' dir='ltr'>Satn,</span> <span class='ocrx_word' id='word_1_420' title='bbox 750 4319 952 4390; x_wconf 73' lang='lat' dir='ltr'>meumque</span> <span class='ocrx_word' id='word_1_421' title='bbox 964 4308 1115 4391; x_wconf 76' lang='lat' dir='ltr'>mqueml</span> <span class='ocrx_word' id='word_1_422' title='bbox 1123 4308 1269 4388; x_wconf 67' lang='lat' dir='ltr'>inclytam</span> 
     </span>
    </p>
   </div>
   <div class='ocr_carea' id='block_1_4' title="bbox 0 0 1522 4817">
    <p class='ocr_par' dir='ltr' id='par_1_5' title="bbox 0 0 1522 4817">
     <span class='ocr_line' id='line_1_47' title="bbox 0 0 1522 4817; baseline 0 0"><span class='ocrx_word' id='word_1_423' title='bbox 0 0 1522 4817; x_wconf 95' lang='lat' dir='ltr'> </span> 
     </span>
    </p>
   </div>
  </div>
 </body>
</html>
