3017 4817
128 1048 464 1161 rosurru
518 1012 838 1161 ιιιιιιι
895 1056 1394 1215 Quuucntgg

331 1260 366 1347 F
404 1259 443 1351 L
488 1255 528 1349 Ο
566 1258 608 1346 R
643 1258 680 1346 Ε
722 1258 762 1346 Ν
798 1258 899 1350 TI
936 1266 975 1353 N
1011 1268 1033 1354 l

196 1449 256 1507 nu
284 1450 492 1512 erronum
521 1447 1170 1526 r1s1unerusouuscu1rrra

423 1602 455 1675 P
480 1599 518 1677 R
542 1600 577 1676 A
601 1598 634 1675 Ε
659 1600 691 1675 l·
715 1599 750 1675 Α
777 1603 811 1677 Τ
837 1601 857 1678 1
883 1600 942 1681 0,

127 1966 313 2086 Georgius,
334 2008 388 2091 qui
399 2018 504 2092 postea
517 2006 661 2071 diaconus
675 2009 850 2091 cpolitanus
861 2008 936 2089 fuit,
959 2031 978 2071 ι
992 2011 1110 2073 Pisidia
1115 2054 1130 2092 ,-
1147 2032 1226 2098 quae

125 2119 192 2168 erat
209 2111 300 2168 Asiae
316 2113 441 2173 minoris
457 2115 540 2193 regio
555 2114 634 2173 iuter
646 2111 779 2194 Lydiam
790 2111 958 2194 Phrygiam
974 2124 1005 2174 et
1019 2117 1139 2175 (larium
1152 2137 1226 2177 oon-

125 2215 249 2290 stituta,
275 2210 381 2273 habuit
410 2216 575 2294 originem,
604 2211 686 2273 unde
707 2226 907 2295 cognomento
926 2213 1031 2275 Pisida
1052 2214 1149 2276 dictus
1168 2228 1227 2277 est.

125 2315 248 2395 plures,
269 2334 326 2373 nec
342 2319 426 2395 parri
449 2316 574 2400 quidem
595 2316 727 2375 nominis
745 2315 866 2375 urbere
878 2317 1029 2377 veteribus
1044 2316 1226 2398 geographis

125 2426 333 2477 memorantur
354 2420 387 2476 in
408 2418 541 2479 Pisidiae
569 2415 624 2478 sed
642 2437 711 2476 cum
724 2417 835 2477 nullibi
850 2418 996 2497 Georgius
1010 2420 1140 2498 panium
1153 2438 1227 2498 pro-

127 2516 238 2577 diderit
256 2538 360 2596 suam,
382 2521 419 2580 ab
440 2524 509 2601 ipsa
523 2522 623 2601 potius
636 2522 760 2599 regione
777 2518 888 2578 Pirria
901 2539 994 2601 quam
1008 2521 1096 2579 aliter
1112 2519 1156 2578 ab
1165 2521 1226 2579 nli-

126 2639 187 2702 qus
210 2622 332 2679 civitate
349 2622 551 2683 nominandus
575 2624 668 2681 veuit.
709 2620 744 2681 id
766 2630 868 2680 autem
888 2623 1075 2702 cognominis
1096 2618 1226 2683 diuersi-

124 2721 216 2783 mode
235 2724 381 2802 scriptum
400 2726 434 2785 in
452 2745 516 2785 mse
536 2721 687 2785 codicibus
704 2723 872 2801 invenitur,
894 2725 1062 2801 ideoideo,
1082 2721 1224 2801 Πισίδαι,

126 2825 289 2903 fleotimo,
310 2826 465 2907 Hpoidov,
488 2826 627 2907 accite,
650 2825 833 2902 Hrooidooc,
855 2826 1014 2899 Hsoidocc.
1044 2824 1225 2905 acStepha-

124 2946 183 2987 nus
197 2924 321 3009 quidem
334 2930 518 3009 Byzantinus
531 2928 570 2986 de
587 2925 719 2986 Urbibus
732 2946 795 3002 eos,
818 2928 872 3007 qui
885 2946 902 2985 e
915 2924 1031 2985 Pisidia
1044 2928 1103 2985 orti
1113 2936 1224 3003 essent,

127 3030 258 3103 Πισίδας
272 3039 302 3088 et
318 3031 455 3107 Πισιόεἴς
468 3028 614 3110 appellari
627 3024 775 3102 ostendit,
796 3025 878 3108 quod
888 3029 987 3087 Lucas
1000 3027 1175 3088 Holstenius
1189 3029 1224 3085 in

126 3134 186 3192 suis
201 3130 242 3191 ad
254 3129 385 3191 cumdem
398 3128 585 3211 Stephanum
601 3130 846 3209 castigationibus
868 3128 1069 3205 confirmavit,
1091 3127 1224 3189 referens

127 3233 206 3314 opud
219 3231 373 3315 Pyrr-hm
385 3234 541 3312 Ligorium
554 3242 672 3292 exstare
682 3250 859 3307 nummum,
881 3232 914 3291 in
927 3249 987 3313 quo
999 3232 1135 3291 Minerva
1147 3228 1223 3292 duos

125 3336 228 3397 leones
242 3347 343 3412 tenet,
365 3354 433 3393 oum
448 3333 611 3417 epigraphe
626 3336 868 3398 ΠΙΣΙΔΑῙΩΝ.
909 3333 944 3391 iu
960 3331 1105 3391 Strabone
1121 3343 1224 3393 autem

124 3436 178 3496 lii.
189 3444 205 3502 1
217 3442 308 3517 p.60
326 3438 418 3496 etiem
431 3436 603 3514 Heotdsmi,
625 3439 678 3519 qui
689 3458 706 3495 e
718 3434 833 3495 Pisidia
844 3443 959 3510 esseut,
981 3431 1221 3497 denominentur.

124 3550 187 3597 ete
203 3540 358 3600 Clemente
370 3540 461 3599 Alex.
477 3550 547 3599 tom.
561 3542 579 3603 1
594 3560 631 3618 p.
643 3542 684 3603 61
701 3534 861 3599 Cleanthes
875 3533 1079 3617 philosophus
1092 3535 1220 3610 Stoicus,

122 3640 207 3723 quod
230 3663 247 3700 e
269 3642 401 3719 Pisidia,
422 3652 458 3701 ut
475 3652 576 3703 noster
597 3644 761 3721 Georgius,
783 3649 863 3700 esset
885 3636 1045 3713 oriundus,
1068 3626 1223 3709 Πισαδεός

123 3746 309 3826 appellatum
333 3742 458 3824 proinde
478 3764 540 3803 ιοι
558 3753 638 3803 recto
660 3743 840 3839 Sylburgius
860 3750 892 3799 ot
909 3740 1066 3817 Menagius
1080 3743 1223 3815 putanmt

122 3840 187 3903 ibi’
180 3839 302 3921 Accede
315 3866 371 3927 pro
387 3840 540 3921 Hroodrv'r
553 3846 694 3906 substitui
708 3844 828 3919 debere,
850 3842 989 3924 quamvis
1002 3847 1117 3923 oertpm
1129 3838 1169 3895 sit
1182 3853 1223 3893 ax

121 3948 201 4007 Areo
220 3950 332 4027 Lyciae
352 3947 426 4007 urbe
448 3958 548 4006 ortum
563 3967 629 4007 esse
649 3944 843 4006 Cleanthem·
863 3944 971 4003 maluit
986 3941 1068 3999 enim
1084 3939 1224 3997 Clemens

123 4068 195 4107 eum
217 4068 237 4107 a
259 4052 414 4130 provincia
436 4014 601 4108 Pisadeum
618 4068 710 4132 quam
728 4068 747 4107 a
762 4048 860 4129 patrie
873 4045 948 4104 urbe
960 4042 1094 4101 Aeaeum
1105 4056 1225 4098 vocare.

121 4161 258 4211 ceterum
275 4172 337 4212 une
358 4152 494 4212 omnium
516 4156 704 4212 consentiens
719 4170 783 4211 vox
800 4159 862 4225 eet,
882 4142 1001 4208 Pisidas
1016 4144 1111 4201 firme
1126 4160 1225 4222 quou-

123 4249 196 4313 dern
223 4253 361 4333 Solymo«
378 4263 586 4334 nuncupatum
608 4274 643 4316 ec
662 4256 726 4317 suis
744 4270 865 4336 quoque
877 4246 1066 4327 temporibus
1078 4241 1227 4327 quosdam

167 4358 269 4435 dmg.
291 4362 376 4420 Pieid.
704 4410 708 4427 ,
798 4344 801 4349 ’
1000 4349 1019 4411 1
