3017 4817
370 317 428 386 DE
450 315 590 385 BELLO
612 316 798 384 tvsmco
822 313 1040 386 MONITUM.
1179 315 1252 390 123

146 477 292 560 agathias
313 481 351 542 cta
366 503 459 564 regno
478 483 647 543 Inanhr'am‘
663 481 718 542 lib.
736 481 775 558 6,
807 485 860 566 qui
879 502 949 542 uum
969 485 1097 545 Hunnos
1117 485 1251 567 aliasque

146 567 287 626 barbaras
308 578 429 646 gentes,
465 589 596 650 quorum
616 571 699 628 varia
723 581 809 630 arant
828 572 970 644 nomina,
1007 572 1086 640 eirea
1106 569 1252 648 paludem

116 716 119 724 ,
145 650 329 712 Maeotidem
339 652 492 714 habitante
506 653 703 730 adfirmasset,
718 657 780 714 ait:
795 645 880 718 οὗτοι
895 651 929 719 ll
942 648 1075 730 ἅπαντες
1087 657 1179 740 κοινῇ
1193 653 1251 739 μὲν

145 732 271 800 &lhos
282 737 334 800 sol
348 729 463 804 Οὖννοι
475 739 713 820 ἕκωνομᾶζοντο.

228 826 274 882 Ao
291 834 339 882 ter
358 823 482 905 quidem
495 829 622 884 llunno's
641 827 674 884 in
689 827 896 884 Romanorum
916 820 1066 884 dicionem
1083 825 1250 906 irrumpere

145 918 268 968 oonatos
283 927 348 967 essa
361 911 531 989 colligimus
545 930 585 969 ex
596 908 745 985 historiis,
773 919 802 967 et
816 919 883 968 tum
897 908 1021 968 demum
1035 912 1067 969 in
1080 912 1248 986 Pannonia,

142 1010 222 1073 quae
238 994 276 1051 ab
289 996 364 1072 ipsis
377 1005 481 1072 postea
492 998 647 1076 ilungaria
665 994 745 1054 diota
760 1005 822 1070 est,
851 997 1020 1056 ooustitisse
1031 993 1185 1075 proditum
1203 1007 1250 1056 est

141 1079 314 1157 aplurimis
328 1081 531 1158 scriptoribus.
572 1083 703 1160 primam
723 1079 1039 1161 quidemllunnomm
1060 1083 1249 1161 eruptionem

143 1166 186 1226 18
202 1182 281 1221 anno
294 1165 414 1242 imperii
428 1167 573 1242 Valentis,
595 1164 707 1225 Christi
722 1169 795 1240 876,
810 1166 922 1224 laetam
938 1164 1110 1247 essotradit
1124 1167 1248 1228 Orosius

142 1245 200 1304 lib.
220 1249 289 1308 lin
299 1259 377 1328 gest.
399 1250 545 1310 Valerius.
591 1251 805 1324 damnavero,
833 1270 911 1329 quae
932 1271 973 1310 ex
992 1270 1027 1310 ea
1048 1260 1149 1310 seouta
1165 1262 1247 1327 sunt,

141 1343 287 1392 enarrant
306 1343 425 1412 praeter
439 1337 578 1396 orosium
595 1345 699 1396 auotor
717 1334 789 1392 bnt.
807 1335 967 1394 Miscellue
980 1335 1034 1394 lib.
1056 1339 1096 1400 12
1112 1338 1145 1394 in
1164 1337 1249 1395 Gra-

142 1419 242 1486 tiano,
263 1419 297 1476 S.
313 1421 515 1499 Hieronymus
529 1421 628 1498 Epist.
645 1423 678 1480 in
693 1417 827 1498 epitaph.
844 1418 1002 1491 Fabiolae,
1028 1419 1248 1500 Philostorgius

141 1505 163 1564 9
184 1506 243 1576 17,
264 1504 385 1563 Priscus
399 1507 433 1563 in
445 1507 603 1582 Excerpm
614 1506 652 1563 ‹le
664 1507 777 1584 Legat.
790 1525 829 1582 p.
847 1503 905 1580 47,
927 1506 1055 1586 aliique,
1078 1509 1131 1585 qui
1143 1525 1248 1566 omues

143 1584 294 1666 eSoythia
309 1607 445 1668 egressos
457 1591 599 1650 barbaros
609 1593 643 1650 in
656 1591 824 1648 maximam
831 1591 970 1669 Europae
984 1592 1150 1669 pernitiem
1160 1594 1249 1649 Huu·

142 1691 200 1730 nos
216 1674 416 1752 appellarunt.
460 1673 596 1734 eiusdem
612 1677 710 1754 gentis
731 1675 764 1732 in
785 1677 985 1735 conterminas
999 1678 1137 1754 regiones
1153 1677 1247 1734 altera

143 1759 302 1836 emigratio
316 1770 417 1818 secuta
432 1771 477 1819 est
490 1763 654 1819 Iustiniano
672 1765 686 1822 1
704 1770 865 1837 regnante,
888 1779 967 1818 anno
981 1759 1123 1820 videlieet
1136 1757 1246 1819 Christi

142 1841 218 1906 664.
261 1863 296 1901 oo
308 1855 375 1903 tum
389 1843 514 1924 quidem
525 1846 642 1924 populi,
666 1846 767 1924 quiin
782 1848 941 1904 commune
956 1847 1085 1907 exitium
1099 1847 1190 1904 exuti
1202 1856 1248 1905 tot
1356 1889 1357 1896 1

142 1927 225 1986 mala
237 1929 380 1988 Romanis
397 1930 486 1990 rebus
502 1932 676 2005 attulerunt,
689 1929 812 1988 Alam
820 1927 896 1999 dicti
908 1941 979 1989 sunt
990 1941 1019 1989 et
1029 1931 1145 1990 Hunni
1155 1929 1247 2004 Aba·

142 2032 200 2070 res.
245 2011 338 2073 iidem
350 2016 466 2074 faciunt
478 2013 687 2094 Theophanes
701 2013 741 2072 ad
754 2033 868 2074 armum
881 2015 964 2089 787,
985 2013 1053 2074 Ado
1067 2017 1247 2076 Viennensis

143 2116 193 2156 ⁸11·
206 2101 287 2173 879,
313 2102 461 2160 Aimanus
477 2101 676 2159 Floriaoensis
696 2109 726 2158 et
749 2099 927 2178 sigehertus
947 2101 981 2157 in
1004 2099 1171 2172 (bmnium,
1193 2101 1246 2180 qui

143 2203 249 2242 omnes
263 2184 378 2244 Abares
394 2205 464 2244 oum
477 2189 595 2245 Hunnis
610 2182 816 2260 confundunt,
846 2203 957 2264 eosque
969 2186 1097 2244 Hunnos
1118 2196 1148 2244 et
1162 2181 1246 2244 Aba·

142 2287 192 2327 res
214 2269 307 2329 luisse
328 2272 493 2351 appellatos
514 2280 617 2350 aperte
629 2279 789 2342 testantur,
830 2271 962 2327 nominis
977 2271 1192 2349 etymologiam
1205 2289 1246 2328 ex

141 2354 291 2412 Hebraioa
307 2356 412 2435 lingue
432 2354 558 2436 quidam
581 2365 749 2434 repetentes
763 2354 877 2414 Aberes
895 2352 979 2412 idem
995 2375 1061 2416 esse
1075 2356 1245 2430 voluerunt,

142 2457 179 2496 ae
193 2441 219 2497 si
235 2443 304 2520 quis
317 2441 533 2519 coepulantes,
555 2461 650 2520 vagos
666 2450 697 2499 et
710 2437 881 2501 Nomadum
900 2459 985 2498 more
1003 2451 1135 2498 errantes
1154 2451 1244 2520 atque

141 2520 203 2582 huo
225 2526 299 2582 illue
320 2537 508 2588 transeuntes
527 2524 650 2586 diceret.
714 2526 768 2584 alii
799 2545 870 2584 vero
892 2523 1075 2584 contendunt
1096 2523 1245 2607 quosdam

141 2611 269 2669 Hunnos
282 2611 417 2670 Abarum
426 2614 549 2670 nomine
561 2613 730 2690 insignitos,
745 2609 828 2691 quod
838 2611 944 2672 robore
960 2611 1092 2690 eorporis
1107 2620 1137 2668 et
1150 2613 1245 2671 animi

141 2693 318 2754 fortitudine
332 2699 437 2756 ceteris
450 2701 615 2772 anteirent,
640 2707 673 2756 ut
685 2699 780 2776 siquis
794 2695 929 2754 robustos
939 2695 1116 2776 validosque
1132 2708 1160 2754 et
1173 2695 1245 2754 bane

141 2779 301 2856 dispositm
311 2792 441 2840 voearet.
485 2782 540 2842 sed
552 2785 682 2862 primam
693 2783 828 2842 nominis
840 2785 988 2860 originem
995 2779 1245 2860 Theophylsotus

141 2866 306 2924 Simooatta
320 2872 341 2932 7
359 2870 379 2931 8
392 2865 512 2926 videtur
525 2868 662 2947 probare,
686 2865 790 2925 dioens
805 2869 948 2942 llunuos,
969 2868 1022 2947 qui
1039 2875 1107 2945 post
1121 2867 1197 2924 alios
1212 2867 1246 2924 in

140 2951 297 3030 Europam
318 2954 530 3031 oonfugereut‚
566 2952 702 3012 Aboram
724 2951 927 3030 appellatione
954 2951 1047 3010 fnisse
1070 2959 1244 3008 contentos:
1340 2975 1348 2985 ¹

139 3033 256 3117 thaat
268 3033 324 3118 yrlp
337 3035 371 3102 le
387 3043 452 3113 soie
466 3035 569 3101 ἔθνεσι
582 3042 646 3110 τοῖς
660 3040 831 3110 monete
846 3031 879 3098 ni
896 3038 958 3096 soie
970 3029 1109 3117 Ἀβᾶρων
1121 3031 1247 3096 sinaites

139 3119 365 3202 ἐντρεχέσταων
386 3126 496 3201 φῦλον.
538 3119 648 3181 horum
673 3131 775 3180 autem
802 3118 866 3179 dux
884 3117 1045 3199 chaganus
1070 3119 1243 3195 vocabatur,

140 3202 252 3265 eodem
265 3208 428 3268 Simooaua
446 3217 575 3267 testante
594 3205 709 3265 ibidem
732 3207 802 3264 illos
824 3209 907 3286 ipsos
928 3209 1055 3264 Hunnos
1074 3205 1190 3264 Abares
1210 3223 1244 3266 sa

140 3289 267 3366 dixisse,
282 3313 431 3374 suumque
445 3294 614 3374 prinoipem
620 3289 798 3371 (theganum
812 3288 935 3350 honoris
949 3309 1037 3350 eausa
1049 3293 1243 3349 nominasse:

140 3368 394 3461 οὖτοιἈβᾶρους
407 3375 534 3452 {mole
546 3371 765 3460 clamitavere,
791 3372 842 3439 tis
860 3371 997 3478 rfyspo'va
1011 3379 1050 3461 τῇ
1065 3379 1121 3438 τοῦ
1141 3375 1244 3456 Χαγᾶ-

137 3457 909 3608 lttttttttttttlmtetttftttt:
921 3459 1120 3606 illlhffi
1131 3463 1245 3623 ‘ilii

134 3633 390 3714 Zwatapolngmn
403 3569 528 3709 elocati,
550 3570 612 3693 epla
625 3636 728 3692 Leone
739 3630 919 3713 philosopho
934 3633 1008 3712 imp.
1025 3631 1155 3690 Orientis
1168 3647 1242 3687 uon-

135 3729 184 3778 tre
195 3719 343 3799 Bulgaros
358 3721 488 3795 invitati,
502 3717 637 3800 undique
650 3719 783 3777 oolleotis
795 3717 919 3793 viribus,
933 3717 1098 3776 multorum
1109 3713 1241 3772 millium
1336 3792 1339 3810 1

134 3823 285 3879 nennero,
305 3807 458 3885 suppetias
468 3806 560 3883 laturi
572 3803 702 3863 libenter
716 3811 945 3863 eonearrennt:
967 3797 1023 3860 sed
1035 3818 1070 3858 ea
1084 3801 1240 3858 ooossione

133 3897 260 3966 arrepta
279 3898 375 3947 totam
387 3890 577 3950 Pannoniam
595 3898 792 3969 occupatum,
822 3905 900 3968 quae
913 3885 1054 3964 deinoeps
1067 3883 1240 3962 Huugariae

133 3991 253 4032 nomen
275 3969 384 4053 adepta
406 3985 462 4034 est.
513 3985 646 4056 praestat
668 3974 707 4033 de
726 3970 787 4032 hoo
804 3975 983 4032 Hunnorum
1002 3969 1133 4029 adventu
1151 3969 1241 4026 tertio

133 4060 243 4138 legere
253 4055 464 4138 Rheginonem
474 4059 614 4119 abbatem
620 4061 829 4120 Prmnieasem
840 4057 950 4116 Olrrun.
968 4053 1021 4114 lib.
1032 4058 1063 4129 2,
1078 4055 1241 4135 Luitpran·

135 4143 216 4204 dem
235 4145 322 4203 Hire.
347 4143 385 4203 de
404 4143 467 4202 reb.
488 4145 603 4225 l‘lraup.
629 4144 684 4204 tib.
708 4150 744 4220 1,
772 4144 907 4203 Annales
929 4139 1096 4200 Fuldenses
1121 4150 1192 4198 tom.
1220 4141 1243 4204 2

140 4229 257 4308 Seript.
276 4229 347 4289 lsr‘et.
369 4229 481 4288 Rem.
503 4229 549 4289 ad
565 4250 596 4288 a.
616 4234 698 4306 892,
725 4227 896 4288 cedrenum
917 4229 951 4285 th
968 4225 1129 4304 (bmpersd.
1151 4223 1222 4282 laist.
1230 4263 1242 4294 ,

135 4315 331 4393 Sigebertmn
348 4305 382 4374 tia
399 4313 510 4376 cumn.
525 4315 572 4374 orl
581 4335 613 4374 o.
631 4319 705 4390 908,
726 4313 793 4374 ioh.
808 4315 992 4373 Aventinum
1009 4309 1130 4372 Annol.
1147 4309 1242 4368 Boro-
