3017 4817
456 324 712 397 DESCRIPTIO
737 324 772 398 S.
799 326 993 399 SOPHIAE.
1201 330 1276 405 115

168 486 208 549 ‹le
221 485 362 551 fenestris
377 484 550 553 absidarum
565 494 628 573 agit
643 492 820 555 Anastasius
835 494 870 553 in
881 497 984 557 Leone
998 512 1038 556 m
1050 494 1120 555 PP:
1140 498 1236 559 simui
1246 510 1276 559 et

158 574 318 656 finestrcs
332 577 370 635 de
384 577 492 639 absida
512 598 547 638 er
564 583 642 639 vitro
656 581 782 640 diversis
797 581 947 642 coloribus
958 584 1106 642 conclusit
1118 593 1210 665 atque
1220 581 1274 646 uir·

167 664 294 722 comen.
340 671 373 721 et
382 665 527 725 Paulinus
539 668 607 725 Nat.
622 668 660 731 9:

509 782 516 803 .
707 759 736 807 et
748 759 856 829 apertu
865 768 924 829 per
935 768 1027 808 arcus

330 830 436 891 lucida
443 832 538 913 frons
553 831 662 913 bifirm
668 836 868 915 perfunderet
880 837 988 895 intimo
1001 834 1090 915 largo

332 916 460 989 lumine,
474 921 629 996 conspicui
641 920 807 1000 adfaciem
820 940 963 981 converso
978 920 1123 999 sepulcri,

334 1024 393 1083 quo
405 1006 517 1082 tegitur
525 1006 623 1081 posito
638 1008 753 1083 sopitus
768 1027 889 1085 corpore
905 1008 1039 1085 Martyr.

163 1102 255 1163 porro
266 1082 433 1147 vitrearum
444 1088 660 1163 fenestrarum,
694 1110 774 1172 quae
788 1095 866 1152 vitro
882 1094 915 1149 in
932 1102 1039 1150 tennes
1056 1091 1185 1152 laminas
1202 1092 1271 1153 fuso

163 1166 314 1229 obductae
327 1184 429 1248 eraut,
450 1176 624 1233 meminisse
638 1176 858 1256 Hieronymum
871 1174 991 1256 pridem
1005 1178 1201 1236 observarunt
1214 1181 1272 1237 riri

162 1250 257 1313 docti.
278 1258 342 1317 Leo
357 1260 421 1318 Ost.
437 1261 456 1322 3
478 1260 522 1321 29
543 1268 574 1317 et
595 1264 653 1324 32:
665 1260 822 1339 finestrcs
836 1294 876 1306 —
889 1260 1020 1339 plumbo
1035 1262 1131 1319 simul
1145 1266 1272 1322 accim

163 1343 331 1418 compactis
344 1342 606 1424 tubulreferroqus
617 1349 758 1403 connexis
768 1346 902 1404 inolescet.
948 1344 1057 1404 harum
1068 1366 1158 1406 usum
1174 1351 1270 1408 serius

162 1422 205 1483 ud
225 1428 385 1487 Britannos
404 1430 558 1487 transiisse
577 1426 669 1487 tradit
681 1428 766 1489 Beda
782 1432 836 1489 lib.
850 1434 869 1494 1
888 1428 926 1488 de
942 1429 1186 1493 wiremuthensi
1199 1452 1269 1494 sno-

161 1514 317 1587 nasterio‚
328 1518 383 1572 sn
396 1513 429 1570 in
444 1514 512 1573 Vita
526 1512 559 1573 S.
573 1512 730 1575 Benedicti
772 1518 868 1596 iscopi
882 1537 909 1575 c.
924 1514 956 1580 5.

248 1598 301 1662 63.
343 1601 380 1656 ln
394 1596 495 1656 media
507 1618 543 1655 ac
559 1600 666 1657 maiori
683 1620 717 1659 co
740 1598 798 1660 cha
814 1612 878 1659 erat
895 1598 969 1681 ‹iyiu
981 1594 1112 1680 scrineis
1127 1618 1183 1659 seu
1197 1619 1271 1659 san-

161 1688 212 1739 cta
230 1700 347 1742 mensa.
389 1680 577 1783 Epiphanius
598 1686 792 1764 Hagiopclita
816 1684 853 1745 de
868 1688 958 1745 Locis
973 1684 1038 1746 SS:
1062 1678 1142 1763 πρδς
1161 1679 1269 1750 ivero

159 1762 221 1846 isis
240 1763 275 1829 tii
295 1770 361 1830 scie
380 1790 497 1831 κιονων
518 1766 560 1841 cic
577 1760 640 1831 cinti
662 1764 864 1852 διαστήματος
883 1766 987 1852 ὀλίγον
1003 1769 1065 1832 len
1078 1760 1187 1849 κόγχη,
1216 1768 1270 1833 sul

159 1852 279 1915 ἵσταται
293 1846 439 1933 τράπεζα,
464 1850 542 1915 ἔνθα
554 1854 753 1937 λειτουρρεῖὁ
770 1850 965 1938 πατριάρχης.
986 1855 1030 1914 sic
1043 1865 1145 1913 autem
1161 1856 1269 1935 appel-

158 1938 267 1996 labant
279 1938 388 1997 Graeci
410 1938 505 1995 altere
523 1940 733 2019 praecipuum,
767 1960 859 2021 super
873 1959 934 2021 quo
948 1934 986 2002 sai
999 1934 1071 2021 ἅγια
1084 1939 1198 1999 fiebant
1213 1960 1270 2000 seu

159 2018 275 2081 Christi
288 2042 394 2103 corpus
410 2023 636 2082 conficiebatur:
656 2025 759 2083 Latini
773 2037 911 2084 sunctum
922 2044 1058 2082 mensam
1070 2034 1189 2083 vocant.
1210 2027 1269 2084 tti-

159 2107 292 2166 colausu
311 2126 391 2186 papa
414 2110 500 2186 epist.
516 2112 554 2171 2:
583 2107 682 2166 nitore
702 2120 842 2169 sanctum
861 2112 895 2167 in
917 2129 975 2187 quo
997 2108 1052 2167 deo
1073 2112 1270 2187 omnipotenti

157 2192 379 2265 sucrfioiomrn
394 2203 465 2250 eota
479 2191 694 2271 persolvimus,
720 2193 804 2271 lupis
822 2204 867 2253 est
884 2192 1066 2251 neutraliter
1086 2197 1268 2270 communis,

159 2308 205 2321 -
219 2279 292 2355 quin
306 2296 373 2335 vero
388 2283 543 2336 sumntum
558 2288 602 2335 est
614 2276 665 2334 dei
673 2277 823 2337 odrutorm
837 2290 866 2336 et
879 2277 1108 2337 benedictionem
1122 2281 1267 2355 mespoli,
1368 2341 1371 2348 .

157 2380 267 2420 menso
281 2372 386 2419 sanctu
399 2362 535 2440 efficitur.
579 2364 752 2421 Amalarius
775 2365 956 2423 Fortunatus
975 2361 1013 2421 de
1037 2362 1152 2425 Boules.
1177 2363 1266 2423 offic.

156 2452 179 2511 8
201 2450 239 2511 21
262 2449 305 2505 ite
319 2444 431 2505 dictam
445 2450 556 2521 censui,
578 2447 662 2526 quod
672 2450 715 2505 sit
728 2468 833 2507 mensa
846 2448 975 2519 domini,
996 2450 1030 2505 in
1045 2466 1108 2527 quo
1121 2450 1267 2508 convivo-

156 2530 327 2590 boturcum
336 2532 503 2611 disciprdis.
529 2534 577 2591 cui
587 2534 713 2592 succinit
722 2532 891 2593 Germanus
904 2530 1144 2612 patriurchaCP:
1157 2529 1182 2613 'i
1193 2530 1267 2616 aiyiu

153 2612 290 2700 τράπεζά
302 2616 384 2680 iussu
399 2616 465 2680 tissi
478 2620 533 2697 τῆς
544 2617 690 2700 τραπέζης
698 2621 755 2681 τοῦ
765 2621 900 2699 Χριστοῦ
913 2614 973 2681 oris
983 2622 1048 2691 unic
1060 2611 1199 2697 μύσταις.
1221 2619 1265 2678 ait

154 2713 313 2783 praeterea
322 2701 1127 2783 suerammensamsepulcrumchristirepraesentare:
1156 2700 1266 2786 eiciyiu

153 2782 289 2869 τράπεζά
303 2787 385 2850 isses
397 2782 467 2850 cirri
478 2790 534 2851 scri
543 2781 640 2850 sinon
651 2790 706 2868 τῆς
718 2791 821 2867 ταφῆς
834 2788 868 2851 is
878 2779 902 2872 ᾖ
912 2786 1003 2867 ἐτέθη
1018 2785 1038 2849 i
1045 2781 1181 2867 Χριστός,
1195 2780 1264 2875 ἕνῇ

152 2868 314 2955 πρόκειται
329 2870 346 2936 ὅ
359 2866 504 2953 siluistis
517 2870 569 2934 nai
584 2866 728 2952 ου’ράνιος
742 2866 847 2954 ἄρτος,
874 2870 898 2953 η’
911 2867 1042 2952 pressuri
1055 2870 1109 2934 nul
1127 2865 1263 2952 circipe-

152 2980 208 3031 scc
222 2958 330 3021 θυσία.
374 2969 404 3016 et
418 2967 648 3016 certemeusam
659 2958 810 3018 veteribus
824 2956 1088 3037 dici‘sepnlcrum‚
1112 2956 1162 3016 vel
1179 2954 1263 3037 qnod
1383 2982 1388 2993 ¹

151 3044 336 3125 posteriores
353 3042 488 3101 tumbam
502 3042 701 3122 appellavere,
719 3040 807 3102 docet
819 3053 907 3102 vetus
922 3042 1087 3121 inscriptio,
1111 3059 1188 3121 quae
1201 3062 1261 3100 ex-

152 3138 216 3189 stat
229 3127 394 3187 Mediolani
410 3130 442 3185 in
458 3129 639 3187 monasterio
654 3128 687 3187 S.
700 3128 872 3192 Ambrosii:
895 3128 986 3186 MM.
1005 3127 1155 3184 Manicr‘oe
1165 3127 1260 3201 Rufi·

152 3233 228 3285 nne,
254 3234 332 3293 quoe
346 3214 423 3271 visit
433 3215 525 3271 annis
538 3215 580 3275 22
598 3232 697 3270 mense
718 3233 779 3271 suso
796 3212 901 3271 debus
917 3209 960 3276 24
967 3255 980 3284 ,
1001 3212 1135 3269 Minr'cio
1147 3212 1261 3270 Domi-

153 3302 207 3357 οἱα
220 3302 315 3357 sorori
322 3300 429 3377 posrsit
443 3318 578 3356 mensam
592 3308 697 3355 contra
709 3308 821 3357 comm.
868 3298 928 3356 alia
940 3298 1064 3356 Brixiae
1077 3294 1117 3354 ad
1128 3298 1162 3356 S.
1178 3300 1260 3357 Fau-

152 3386 287 3445 stinum:
308 3384 397 3442 Attio
413 3383 544 3442 Proculo
556 3384 691 3454 Lectori,
713 3384 788 3459 filio
802 3382 989 3454 munnam,
1017 3384 1072 3461 qui
1088 3383 1165 3440 cuit
1179 3403 1255 3443 ann.

152 3468 201 3533 18
211 3490 251 3527 m.
268 3472 303 3540 8,
324 3467 423 3527 Fabia
443 3468 584 3526 Secundo
596 3479 700 3527 contra
715 3479 819 3526 votum
829 3488 964 3526 mensam
970 3469 1075 3545 posuit
1087 3465 1117 3525 b.
1133 3487 1176 3524 m.
1201 3466 1258 3525 de·

148 3556 247 3635 nique
259 3574 379 3612 mursae
391 3555 513 3611 nomine
526 3556 632 3633 priscis
646 3551 823 3613 Christianis
835 3551 956 3611 videtur
968 3562 1159 3631 nuncupatus
1174 3552 1259 3613 locus

148 3640 190 3698 in
206 3658 266 3719 quo
281 3641 377 3698 sancti
390 3650 537 3719 martyres
554 3637 777 3719 quodammodo
788 3639 1039 3712 immolabuntur,
1069 3635 1143 3696 dnm
1163 3638 1259 3695 vitam

146 3743 210 3805 pro
224 3722 343 3784 Christo
361 3722 570 3798 effimdebunt‚
601 3722 858 3805 quemadmodum
879 3722 1015 3783 Christus
1033 3724 1100 3800 ipse
1120 3724 1154 3779 iu
1173 3740 1268 3779 suora-
1327 3775 1331 3783 .

145 3827 259 3869 mensa
282 3828 300 3868 a
318 3807 521 3869 sacerdotibus
537 3811 569 3867 in
587 3811 782 3868 sacrosanctis
801 3811 962 3869 missarum
976 3808 1105 3885 liturgiis
1122 3804 1258 3885 quotidie

144 3896 337 3955 immolatur.
360 3914 420 3975 qua
434 3892 557 3975 quidem
569 3894 785 3973 significatione
799 3892 980 3973 Carthagine
995 3912 1099 3950 mersen
1112 3890 1260 3969 Cypriani

55 4020 61 4029 -
145 3980 363 4060 appellabatur
375 3981 459 4039 locus
476 3980 529 4039 ubi
542 3982 720 4057 martyrium
736 3981 957 4039 consummavit
972 3978 1005 4037 S.
1019 3977 1204 4055 Cyprianus,
1226 3984 1258 4037 et

145 4066 207 4125 ubi
220 4063 416 4147 postmodum
435 4068 468 4124 in
488 4068 666 4146 memorium
688 4084 795 4124 mensa
811 4074 909 4123 erecte
929 4072 991 4137 est,
1013 4082 1089 4131 non,
1108 4062 1208 4141 inquit
1221 4061 1257 4122 S.

145 4154 342 4229 Augustinus
356 4152 453 4210 Senn.
468 4152 530 4213 113
544 4148 582 4209 de
600 4149 726 4211 dirersis
743 4169 769 4208 c.
785 4156 824 4226 2,
847 4152 921 4229 quio
933 4146 979 4207 ihi
989 4157 1034 4205 est
1044 4166 1183 4226 ursquurn
1197 4146 1258 4227 Cy-

140 4238 282 4317 priorsus
294 4235 449 4313 epulatum,
470 4236 526 4294 sesi
537 4238 610 4315 quio
623 4234 668 4294 ibi
679 4246 722 4295 est
732 4235 916 4295 immolatus.
963 4242 1084 4293 exstant
1102 4250 1258 4293 sermones
1334 4230 1339 4239 ’

145 4322 271 4403 sliquos
283 4318 420 4383 eiusdem
435 4322 597 4402 Argentini
617 4318 659 4381 ati
677 4318 757 4381 harrc
774 4339 912 4381 mensam
929 4314 1043 4396 habiti,
1075 4319 1160 4379 unius
1175 4314 1257 4376 idern
1306 4347 1321 4370 ι
1343 4351 1346 4363 ‚
