3017 4817
257 280 329 355 108
541 338 544 347 .
689 282 919 352 nucitum

252 462 334 509 sunt.
380 446 535 509 deseendit
546 468 656 529 nempe
668 450 706 508 ab
721 452 819 527 altari,
839 450 893 509 ubi
904 468 989 509 sacra
1003 447 1131 530 peragit,
1148 448 1184 509 in
1195 447 1358 527 presbyte-

252 540 341 609 rium,
364 546 398 594 nt
413 538 583 616 principum
600 546 630 593 et
645 535 781 595 fidelium
797 537 963 595 oblationes
979 537 1133 614 suscipiat,
1155 536 1206 593 vel
1220 544 1256 591 ut
1272 554 1357 591 rom-

252 624 384 679 muniret
396 641 447 679 eos
460 624 513 701 qui
529 624 645 679 suntin
659 624 863 702 presbyterio,
884 642 995 700 nempe
1008 620 1196 695 sacerdotes,
1218 620 1355 692 clericos,

251 719 343 787 atque
357 705 593 785 sdeopopuium
607 708 726 785 ipsrnn,
758 705 841 787 quod
855 705 965 766 diserte
980 708 1023 764 ibi
1037 705 1154 763 dicitur.
1196 724 1271 763 nam
1283 704 1356 762 iicet

252 812 294 851 ex
309 793 435 851 coneilio
449 793 598 851 Toletano
614 810 650 853 ιι
664 812 771 853 canon.
789 795 830 856 18
853 792 991 851 aacerdoa
1012 803 1041 849 et
1057 792 1150 849 levita
1170 801 1240 847 ante
1256 788 1356 847 altars

253 879 484 948 communicent,
506 880 539 935 in
554 877 767 948 elumolium,
788 889 872 936 exva
885 878 1009 936 eliorum
1018 875 1168 956 populus,
1181 885 1297 945 eertum
1310 884 1356 933 est

247 960 307 1021 hac
330 967 362 1021 iu
383 983 415 1021 re
438 965 537 1022 varios
559 964 652 1022 fuisse
668 965 864 1023 ecclesiarum
879 967 968 1021 riuis:
994 966 1106 1043 quippe
1125 962 1201 1019 oiim
1221 961 1307 1019 laicis
1324 969 1356 1017 et

249 1049 373 1107 feminis
389 1045 429 1105 ad
443 1048 726 1107 communicandum
743 1060 867 1129 patuere
883 1059 987 1108 sancta
1000 1058 1188 1120 sanctormn,
1218 1056 1252 1103 ut
1264 1047 1355 1102 estin

251 1135 379 1191 concilio
391 1135 564 1192 Turonensi
579 1154 603 1191 ιι
617 1144 648 1191 et
659 1136 755 1213 capit.
770 1135 870 1192 Caroli
877 1136 981 1212 Magni
996 1139 1016 1197 7
1036 1135 1110 1198 203.
1132 1129 1188 1191 s'ed
1199 1140 1233 1189 ut
1248 1148 1354 1189 verum

251 1220 359 1293 fatear,
381 1222 482 1277 nescio
497 1238 535 1276 an
551 1217 598 1278 his
614 1220 698 1293 locis,
721 1222 753 1277 in
769 1218 874 1277 ordine
888 1222 1045 1293 Romano,
1074 1218 1259 1276 senatorum
1271 1213 1356 1273 idem

253 1307 293 1363 sit
309 1308 431 1363 omnino
453 1302 535 1384 quod
549 1304 779 1384 presbyterium.
826 1302 984 1363 dubitandi
998 1322 1120 1361 causun
1132 1312 1250 1375 movet,
1272 1298 1355 1382 quod

251 1390 284 1445 in
306 1410 342 1447 eo
362 1390 445 1447 ἱοιιιι
461 1392 638 1467 principum
659 1391 752 1451 fuisse
766 1388 891 1448 diciturt
907 1388 1047 1468 potuisses
1059 1396 1355 1445 astemructentatm

251 1474 325 1531 ltine
346 1475 415 1532 iude
436 1474 541 1533 dextra
561 1476 709 1555 laevoque
732 1497 753 1533 0
763 1478 936 1553 prunis-uio
948 1475 1133 1533 notariorum
1146 1472 1297 1531 descendit
1313 1470 1358 1529 ad

253 1562 449 1631 senatorium,
481 1560 565 1639 qrsod
585 1571 628 1619 eci
647 1562 731 1619 100οι
746 1563 938 1639 prircipum,
970 1570 1005 1617 ut
1024 1561 1170 1637 suscipent
1191 1556 1355 1615 oblutrbuer

253 1664 365 1703 eonius.
413 1656 443 1703 et
457 1646 555 1705 infre:
570 1647 710 1725 pontifex
723 1646 875 1705 uerendis
888 1645 933 1703 od
946 1646 1142 1714 eenuwrium,
1159 1677 1200 1690 -
1217 1653 1247 1701 et
1258 1644 1356 1701 ιιιιοι-

250 1732 300 1808 pit
319 1730 484 1788 oblationes
498 1732 676 1809 principum
695 1752 753 1808 per
771 1731 890 1788 ordines
912 1751 1051 1787 αισιιιιιιι.
1096 1726 1248 1808 siquidem
1273 1730 1355 1785 enim

253 1818 438 1875 senatorium
451 1817 535 1875 locus
549 1816 607 1874 fuit
621 1819 653 1875 in
669 1835 728 1896 000
743 1815 945 1875 consistebant
954 1817 1109 1894 principes
1121 1834 1176 1873 seu
1189 1823 1355 1891 magnates,

253 1898 327 1957 dum
341 1919 442 1958 sacrae
455 1902 619 1959 intererant
632 1902 787 1979 liturgiae,
818 1898 902 1959 idem
914 1902 968 1959 ille
980 1901 1057 1959 forte
1069 1900 1160 1957 fuerit
1178 1918 1248 1957 cum
1261 1898 1353 1971 solea,

252 1983 291 2043 de
306 2004 366 2065 0οι
381 2004 524 2064 egemus,
554 2006 609 2045 seu
628 1988 804 2066 pavimento
824 1984 942 2044 editiori
961 1996 1033 2043 ante
1052 1986 1201 2058 cancellos
1215 1985 1353 2057 bematis,

250 2073 294 2129 ita
308 2072 486 2149 appellatus,
508 2069 590 2151 quod
606 2073 649 2129 ibi
661 2082 811 2129 senatorer
824 2092 878 2130 seu
886 2073 1042 2149 principer
1057 2073 1261 2129 consisterent.
1282 2087 1354 2126 nam

250 2156 444 2214 observatum
467 2176 556 2235 supra
578 2153 616 2215 ad
638 2175 738 2215 sacrus
758 2158 909 2215 cancellos
920 2155 1105 2234 assignatum
1116 2156 1209 2213 fuisse
1222 2156 1353 2233 impera-

249 2242 365 2300 toribus
385 2244 418 2299 in
438 2242 564 2300 ecelesia
583 2240 688 2299 sedem
702 2242 740 2300 ab
756 2242 926 2301 Ambrosio.
970 2252 1119 2299 senatorer
1131 2250 1233 2299 autern
1246 2240 1354 2317 appel-

248 2328 328 2385 iutos
352 2336 508 2405 magnates
528 2325 610 2405 apud
629 2330 788 2405 scriptores
810 2324 995 2386 Christianos
1014 2337 1148 2400 veteres,
1176 2335 1284 2383 notum
1297 2334 1353 2383 est.

249 2408 375 2490 proinde
400 2415 432 2467 in
452 2414 600 2471 senatorio
623 2412 764 2490 pontifex
785 2431 847 2469 non
872 2410 963 2471 modo
986 2412 1167 2491 suscipiebat
1186 2410 1354 2469 oblationes

249 2498 436 2574 principum,
468 2494 523 2555 sed
545 2506 574 2554 et
593 2497 741 2575 populum
757 2494 871 2554 ibidem
892 2498 1142 2555 communicabat.
1183 2493 1268 2553 idem
1279 2494 1355 2555 ordo

249 2582 421 2639 Romanus:
441 2602 510 2639 nrox
523 2590 558 2638 ut
569 2581 707 2660 pontifex
721 2584 847 2659 eoeperit
859 2584 1080 2639 communicare
1089 2580 1239 2659 populum
1255 2583 1289 2638 in
1305 2602 1354 2639 se-

250 2668 367 2723 natorio
382 2676 438 2724 etc.
482 2684 542 2746 000
556 2676 634 2725 certe
646 2668 723 2741 loco,
743 2687 853 2746 nempe
866 2678 936 2724 ante
950 2668 1053 2725 altaris
1064 2668 1221 2739 cancellos,
1243 2668 1353 2725 etism-

145 2758 165 2809 Ρ
182 2754 233 2812 561
251 2770 326 2809 num
341 2748 513 2809 insedibus
528 2754 621 2811 sacris
633 2750 737 2811 fideles
752 2770 869 2812 sacram
886 2750 1097 2811 eucharistiam
1112 2754 1271 2830 accipiunt
1296 2750 1353 2811 de·

249 2839 343 2916 nique
354 2836 574 2915 presbyterium
590 2839 663 2896 aiibi
677 2849 803 2918 usurpat
816 2858 871 2917 pro
885 2838 981 2897 loco'
972 2858 1006 2895 ιιι
1021 2856 1081 2918 000
1094 2838 1264 2916 presbytori
1278 2858 1352 2897 con-

249 2924 374 2995 aistuut3
392 2922 584 3001 presbyteri'
571 2944 605 2981 ιιι
612 2922 794 3002 presbyteri>
809 2944 910 2982 omnes
916 2934 1097 3002 permanent
1108 2922 1262 2981 metuas.
1303 2925 1352 2981 ri-

250 3006 341 3066 dest
331 3011 425 3086 igitur
437 3010 532 3068 lector
545 3018 645 3067 utrem
661 3007 771 3067 herum
784 3011 1022 3069 coniecturarum
1037 3008 1152 3087 probet.
1196 3009 1282 3088 βῆμα
1295 3028 1353 3067 au·

250 3104 314 3151 tem
334 3092 413 3152 hanc
434 3093 517 3153 aedis
537 3112 639 3153 sacrae
659 3106 777 3173 pertem
791 3096 981 3175 sppeilunrnt
994 3103 1110 3154 veteres
1122 3092 1241 3173 abipso
1255 3094 1351 3169 altari,

250 3198 300 3237 cur
290 3177 344 3236 'id
358 3181 489 3238 nominis
500 3178 683 3254 indiderunt,
699 3178 792 3261 quod,
804 3192 839 3239 ut
852 3183 894 3239 ait
906 3182 1074 3238 Germanus
1086 3176 1256 3280 patriarcha
1269 3181 1350 3259 (ipo-

248 3264 361 3368 literius
369 3258 515 3369 ,θρόνος
531 3266 587 3340 sit,
618 3264 651 3327 ἐν
667 3256 748 3351 01ιιερ
763 3260 1001 3346 incubaturis
1016 3262 1146 3342 Χριστός
1156 3258 1351 3345 προκάθηται

248 3345 323 3429 μετὰ
337 3352 397 3410 τῶν
414 3344 709 3413 οι1ιοὕᾶιιοσιόλων.
731 3372 804 3410 num
816 3362 847 3410 et
860 3353 944 3431 βῆμα
957 3371 1012 3430 pro
1024 3351 1169 3409 tribunali
1180 3370 1242 3409 non
1254 3352 1352 3410 semel

245 3436 386 3513 usurpari
402 3437 596 3494 observarunt
613 3438 671 3493 viri
686 3434 776 3495 docti.
821 3438 939 3495 aliiae
920 3435 1079 3515 gradibus,
1101 3437 1210 3516 quibus
1222 3435 1261 3494 ed
1271 3434 1352 3496 illud

246 3518 433 3595 ascenditur,
463 3520 517 3579 alii
531 3518 661 3601 denique
678 3522 715 3581 ab
729 3524 833 3582 altaris
845 3520 1005 3601 gradibus,
1035 3520 1119 3603 quod
1130 3520 1240 3582 editius
1255 3523 1350 3581 fuisse

246 3607 327 3665 infru
340 3604 547 3680 ostendemus,
568 3604 683 3666 dictum
696 3619 829 3668 censent.
870 3627 944 3666 nam
962 3618 993 3667 et
1013 3606 1113 3678 beru,
1134 3618 1168 3665 ut
1185 3618 1289 3667 auctor
1305 3619 1351 3668 est

245 3694 433 3771 Augustinus
456 3703 558 3751 contre
579 3695 666 3772 epist.
687 3695 817 3753 Manetis
837 3714 865 3753 0.
885 3697 907 3759 8
928 3704 959 3753 et
971 3703 1081 3753 ‚contm
1099 3694 1244 3752 Faustum
1259 3694 1300 3756 18
1319 3695 1350 3768 4,

245 3778 416 3837 Manichaei
438 3776 520 3837 diem
538 3778 650 3837 festum
669 3790 815 3838 vocarunt
837 3799 898 3860 000
915 3782 1021 3839 Manes
1037 3780 1154 3838 occisus
1168 3790 1231 3852 est,
1267 3776 1351 3858 quod

244 3868 380 3944 quinque
392 3864 535 3943 gradibus
549 3867 694 3924 instructo
707 3866 860 3939 tribunali,
883 3876 913 3923 et
926 3867 1063 3944 pretiosis
1080 3866 1182 3923 linteis
1194 3862 1350 3939 adornato,

244 3950 335 4007 illurn
349 3950 549 4023 celebrarent,
573 3948 654 4030 quod
674 3948 799 4030 quidem
817 3950 930 4010 festum
949 3949 1115 4010 acathuris
1136 3952 1184 4007 sui
1205 3951 1350 4027 temporis

246 4034 396 4092 Maluola
410 4035 597 4113 appellatum
611 4034 705 4094 fuisse
725 4037 828 4095 scribit
840 4034 992 4095 likbertns
1003 4034 1237 4095 Schcnariensis
1249 4036 1349 4094 Serm.

248 4120 265 4180 1
289 4130 390 4178 contra
416 4117 569 4181 Gutharos.
613 4140 682 4177 cum
705 4123 799 4200 igitur
823 4124 985 4201 praecipue
1010 4123 1201 4181 veneratione
1222 4116 1349 4179 colenda

245 4200 406 4263 haberetur
419 4224 502 4263 sacre
517 4202 593 4263 haec
608 4204 693 4264 aedis
705 4226 791 4286 pars,
818 4208 853 4265 in
865 4226 902 4265 ea
914 4205 1090 4266 exornandi
1102 4206 1274 4285 sumptibus
1286 4224 1350 4265 non

245 4292 379 4369 pepercit
395 4292 594 4351 Imtinianust
623 4300 719 4353 rotem
734 4294 817 4387 enirn
831 4303 957 4373 argento
969 4290 1108 4353 obduxit.
1150 4295 1349 4375 Anonymus:
