3017 4817
256 366 294 415 rr
678 390 684 403 .
714 336 891 427 QUERGII

256 514 299 575 ait
314 511 396 573 enim
406 508 574 574 Amani
596 510 658 575 122
678 506 751 595 belli
762 504 921 587 praeludis
929 501 1117 583 inspexisse:
1137 495 1241 577 πύθος
1251 495 1288 565 di
1298 522 1355 581 μοι

254 638 302 689 τις
314 606 427 677 nait·
439 603 625 695 σροσὴρχττο
639 608 716 671 ideis
729 603 767 671 τύ
779 601 893 689 τιρπνύ
903 609 958 687 τῆς
969 598 1068 687 μύκης
1080 598 1240 688 κροαύλισι.
1262 621 1354 681 aper·
1457 591 1465 609 ‘
1505 595 1506 616 ¹

256 719 316 779 tius
331 725 433 775 autem
444 732 531 773 suam
546 714 625 770 inter
641 730 724 769 arma
741 710 944 789 praesentiam
955 707 1088 767 declarat
1100 706 1231 766 Am.
1246 708 1267 770 8
1288 704 1353 769 181
1505 723 1506 730 “

258 817 361 879 dicans
374 817 487 875 milites
502 834 556 895 pro
571 812 758 894 imperatoris
771 810 868 871 salute
881 812 1117 871 collacrimantes
1130 806 1253 883 vidisse,
1272 822 1354 875 nntr-

256 940 318 1003 que
339 919 431 978 airnul
452 937 521 977 cum
537 917 600 976 illis
620 916 755 975 flevismt
789 906 923 991 τούτοις,
944 906 1097 997 κρύτισττ,
1117 910 1170 977 καὶ
1190 902 1355 989 suarium

257 1015 383 1096 ιλκύτος
408 1022 508 1092 καλῶς
535 1020 699 1101 φρονοῦσι,
729 1014 783 1079 καλ
804 1008 979 1097 συνήλγησα
995 1014 1105 1093 ιτλλον,
1130 1018 1172 1102 τῇ
1195 1005 1356 1089 tantm

258 1120 420 1207 σνμχνθιλς
432 1124 495 1185 τοῖν
509 1114 657 1202 δακρύων.
700 1129 731 1177 at
748 1120 782 1177 in
798 1116 906 1178 eadem
916 1121 1040 1179 Aorcusi
1054 1139 1084 1178 v.
1099 1114 1162 1182 343
1180 1112 1356 1173 Heraclium

159 1247 186 1303 p.
202 1227 241 1286 Vl
257 1228 376 1308 ipsum,
398 1224 451 1306 qui
468 1221 565 1301 primo
579 1221 660 1281 bello
672 1221 735 1279 iam
750 1222 884 1283 coniecto
898 1219 1050 1280 ePesside
1060 1221 1094 1280 in
1106 1219 1215 1277 urbem
1227 1224 1291 1274 erat
1301 1232 1355 1271 re·

255 1346 406 1402 versurus,
430 1323 625 1401 desusceptis
638 1321 791 1382 laboribus
803 1320 985 1401 gaudentem
995 1324 1059 1383 suis
1070 1321 1192 1381 auribus
1202 1313 1355 1375 audivisse

257 1432 301 1489 sic
323 1429 428 1489 refert:
451 1420 540 1501 ον’τός
558 1423 616 1511 γύρ
639 1419 716 1507 ἡμῖν
735 1424 909 1505 ἒξνριθμοῖν
929 1421 1074 1500 πολλάκις
1093 1425 1151 1487 τού
1167 1422 1225 1483 σού
1237 1418 1309 1499 βίον
1321 1410 1357 1480 sd

257 1528 380 1614 μύσρον,
412 1522 555 1609 λτρύνονς
577 1520 624 1590 ’ὅτι
648 1522 736 1607 βιούς
756 1518 868 1609 χρύνον
887 1532 1032 1591 τοσοῦτον
1052 1525 1086 1590 ir
1105 1521 1245 1606 ὁσθνμλμ
1265 1517 1355 1598 'W‘

256 1626 369 1707 τούτοις
390 1632 433 1715 τῷ
452 1632 519 1715 θεῷ
536 1624 590 1701 ade
607 1619 731 1708 ἡμέρας.
773 1631 807 1687 in
823 1628 882 1687 fine
899 1628 1023 1688 tandem
1038 1625 1175 1687 eiusdem
1188 1626 1355 1685 Aoroaseos

257 1754 288 1795 v.
302 1732 363 1797 353
377 1728 515 1811 Hydrae,
536 1728 596 1788 hoc
608 1741 653 1788 est
666 1730 773 1789 erroris
785 1730 846 1789 late
860 1728 942 1809 apud
956 1734 1063 1791 Persas
1075 1726 1238 1810 serpentis,
1258 1740 1356 1782 unum

259 1844 349 1916 caput
371 1829 534 1893 sevidisse
553 1840 693 1890 testatur:
715 1826 754 1894 du
774 1834 833 1895 νύν
848 1830 1011 1913 βλέποντος
1022 1827 1145 1915 sisoim
1157 1821 1357 1909 θονμύζομεν

256 1932 416 2017 Ἦροκλλος
429 1929 553 2013 suzim
568 1930 619 1995 sat
635 1930 833 2013 cronopium.
861 1935 964 2015 itaque
980 1937 1008 1995 si
1021 1932 1137 2009 Pisida,
1158 1942 1193 1991 ut
1206 1939 1253 1991 est
1266 1946 1357 2007 aper-

257 2048 340 2113 tum,
362 2037 534 2095 Heraclium
552 2036 586 2093 in
599 2033 722 2095 Perside
749 2032 942 2095 dimimntem
964 2038 1122 2096 comitatus
1142 2044 1202 2111 eat,
1224 2049 1357 2113 eumque

259 2160 333 2201 suas
352 2140 471 2221 pietatis
489 2137 666 2217 virmtisque
687 2146 797 2197 testem
817 2135 928 2198 habere
948 2141 1110 2219 imperator
1123 2158 1186 2197 non
1203 2145 1249 2195 est
1266 2130 1357 2193 dedi-

261 2252 388 2321 gnatus,
413 2240 496 2323 quali
516 2241 549 2297 in
569 2239 666 2317 pretio
682 2238 764 2320 apud
776 2243 877 2320 ipsum
894 2259 1014 2319 regem,
1035 2258 1152 2299 necnon
1164 2241 1273 2299 intota
1287 2235 1358 2294 aule

259 2346 428 2424 Byzantina
446 2342 554 2415 fuerit,
575 2342 646 2399 satis
660 2340 732 2399 inde
747 2345 854 2422 opinor
868 2342 975 2429 elucet.
1016 2361 1117 2423 nequa
1137 2342 1220 2399 enim
1234 2350 1269 2398 ut
1286 2357 1358 2417 gre-

261 2449 363 2525 garius
382 2446 472 2503 miles
491 2441 599 2502 ducam
615 2462 719 2519 sumn,
745 2442 801 2502 sed
819 2454 854 2503 ut
870 2452 960 2523 poeta
973 2445 1141 2525 principem
1154 2463 1190 2502 ac
1201 2441 1358 2502 dominum

261 2556 406 2627 sequutus
426 2554 486 2619 cst,
515 2554 549 2603 ut
571 2562 648 2624 quaa
670 2546 707 2602 ab
730 2547 798 2625 ipso
820 2557 994 2623 gererentur
1015 2547 1176 2624 inspiceret
1195 2556 1227 2604 et
1246 2544 1358 2622 scripto

259 2644 429 2707 mandaret.
471 2664 531 2725 quo
545 2646 612 2726 quis
629 2644 744 2705 factum
758 2646 885 2706 fortasse
900 2645 1017 2722 credat,
1039 2666 1136 2729 aequa
1148 2664 1250 2707 aarum
1262 2645 1359 2703 fuisso

260 2750 398 2809 Heraclio
419 2746 554 2807 Pisidam
578 2767 613 2807 ac
633 2748 707 2807 olim
725 2748 784 2807 fuit
803 2748 939 2829 Scipioni
957 2750 1099 2809 Africano
1110 2751 1243 2823 Ennius,
1264 2764 1358 2828 quem

259 2862 356 2911 morte
375 2852 455 2911 obita
476 2852 509 2908 in
528 2851 666 2930 sepulcro
686 2851 864 2930 Scipionum
880 2873 945 2913 esse
964 2852 1158 2912 constitutum
1174 2872 1191 2909 a
1207 2866 1357 2908 marmora

260 2952 352 3013 tradit
372 2954 475 3013 cicero
496 2972 551 3033 pro
574 2951 705 3011 Archia.
750 2954 895 3013 nimiunn
916 2956 944 3013 si
964 2972 1071 3013 varum
1092 2963 1153 3028 est,
1175 2949 1257 3033 quod
1279 2958 1357 3009 testa

260 3057 373 3115 Allatio
387 3055 479 3113 diac.
496 3054 534 3112 da
550 3054 687 3135 Georgiis
698 3050 835 3112 adfirmat
848 3054 1038 3115 Hamartolus
1051 3058 1085 3113 in
1097 3052 1244 3114 Chronico
1258 3049 1357 3112 adhuc

261 3155 375 3215 inedito
389 3166 419 3215 et
436 3176 476 3215 ex
490 3158 663 3217 Hamartolo
679 3154 850 3232 cedrenus,
879 3160 1018 3217 Heraclio
1035 3158 1068 3217 in
1083 3154 1143 3217 hoo
1155 3158 1271 3216 bellum
1283 3174 1358 3235 pro-

262 3256 376 3315 fecturo
400 3267 430 3314 et
448 3260 482 3315 in
506 3259 631 3318 ecclesia
656 3278 769 3337 magna
789 3279 880 3339 opem
899 3280 918 3319 a
938 3259 995 3319 deo
1009 3270 1112 3320 contra
1127 3257 1228 3319 hostes
1242 3257 1357 3338 petenti

262 3358 362 3415 fausta
383 3354 575 3435 adprecatum
596 3380 661 3421 esse
682 3380 784 3420 coram
802 3363 942 3422 omuibus
961 3360 1111 3436 Pisidum,
1131 3380 1194 3419 non
1206 3361 1358 3419 immerito

261 3455 333 3517 inde
346 3458 449 3537 colligi
463 3480 551 3538 possa
564 3474 704 3541 putamus
719 3482 800 3538 eum,
821 3465 875 3545 qui
886 3465 1002 3543 ingenii
1014 3460 1104 3521 lauda
1118 3462 1242 3521 deraret
1255 3472 1286 3520 et
1299 3462 1358 3519 ali-

261 3580 324 3641 quo
339 3558 461 3619 honoris
474 3562 561 3621 titulo
578 3566 780 3643 praefulgeret
794 3568 972 3644 insignitus,
998 3568 1077 3625 inter
1090 3566 1213 3625 comites
1224 3565 1357 3644 impera-

262 3666 337 3723 toris
353 3664 414 3721 iam
429 3672 501 3721 tunc
515 3665 608 3725 fuism
619 3664 781 3726 adlectum.
824 3670 890 3747 ipsa
905 3680 1017 3744 autem,
1039 3667 1121 3749 quod
1132 3678 1234 3727 nosset
1246 3676 1359 3748 quanta

263 3778 342 3827 esset
362 3766 409 3826 sui
428 3766 559 3825 nominis
581 3767 819 3845 commendatio,
849 3774 967 3851 poetica
985 3768 1117 3853 quadam
1135 3770 1271 3844 licentia,
1299 3767 1358 3827 nisi

263 3870 352 3927 mdis
366 3866 468 3927 divino
483 3868 584 3927 furore
599 3872 746 3948 percitus,
767 3873 855 3933 bonis
871 3875 1021 3933 ominibus
1034 3873 1207 3932 Heraclium
1217 3868 1359 3951 prosequi

262 3987 325 4027 non
346 3968 503 4031 dubitavit.
546 3974 588 4031 ait
601 3974 683 4031 enim
697 3972 849 4035 cedrenus
856 3997 894 4054 p.
911 3977 990 4041 420:
1013 3972 1033 4040 d
1047 3971 1081 4039 di
1095 3968 1236 4056 βασιλεύς
1248 3963 1359 4053 donid-

264 4091 355 4150 μενος
376 4068 449 4153 πρὸς
468 4074 602 4157 Περσίδα
623 4080 799 4159 χωρεῖν
817 4071 964 4141 clusionis
979 4076 1023 4152 εἱς
1037 4072 1095 4159 τήν
1108 4067 1241 4159 μσγύλην
1252 4074 1359 4151 issin-

207 4204 209 4211 1
265 4172 336 4235 σλοιν
358 4172 470 4251 μέλοντι
488 4170 670 4257 ύτιούήματσι
691 4172 930 4261 περιβαλόμενος
955 4178 1008 4244 κοιλ
1033 4174 1155 4263 πρηνής
1176 4172 1280 4242 κτιστύν
1299 4171 1359 4255 mi·

258 4274 336 4351 isso
421 4270 459 4339 ὃν
477 4272 554 4339 idaia
570 4272 717 4365 stoipysoc
736 4278 753 4346 ύ
774 4282 905 4365 tostam
924 4278 1037 4365 ταύτης
1056 4276 1267 4356 τοτεινύσεος
1288 4277 1358 4360 ἔφη,
