3017 4817
453 305 650 374 trustem
674 305 883 373 scnossln
908 307 965 376 111.
1017 295 1025 366 l
1187 307 1260 379 119

156 473 264 533 raclius
290 471 455 553 disputarit
475 475 509 531 in
530 473 666 553 partibus
679 474 856 548 Armeniae,
886 484 920 532 ut
937 481 1062 533 testetur
1084 473 1206 554 Sergius
1225 477 1258 534 in

155 580 209 620 sua
224 559 351 639 epistola
368 557 409 616 ad
419 561 604 636 Honorium,
633 559 706 617 alibi
722 560 915 639 probabimus
929 562 960 618 in
973 561 1088 618 Monito
1101 558 1141 620 ad
1149 567 1258 639 pcdma

156 654 257 703 contra
271 645 430 704 Severum.
832 639 836 646 ¹

239 728 313 795 356.
356 749 427 791 rere
439 739 546 789 vatem·
554 732 622 812 quis
639 729 718 790 dicat
735 729 887 808 Pisidam,
910 731 964 812 qui
979 727 1128 791 chosroae
1144 728 1262 792 cladem

177 813 318 874 raedixit.
857 831 859 836 '

154 835 175 895 p
239 901 314 965 857.
357 893 415 979 τήν
432 896 541 980 δίκην]
561 898 690 959 subaudi
704 896 790 964 nord.

239 988 312 1049 362.
356 983 475 1043 Claudii
493 986 660 1044 Ptolemaei
677 987 848 1045 Pelusiotae
864 1004 971 1064 opera,
1006 987 1058 1066 qni
1071 987 1256 1066 temporibus

152 1071 197 1130 Μ.
219 1071 337 1128 Aurelii
355 1071 502 1128 Antonini
529 1073 562 1128 in
581 1071 790 1130 Alexandrina
823 1069 976 1132 academia
1005 1075 1202 1132 astronomiae
1226 1085 1256 1132 et

152 1155 334 1234 astrologiae
346 1153 452 1214 studiis
467 1155 566 1215 clarus
578 1158 709 1234 virebat,
723 1159 841 1215 notiora
853 1167 922 1216 sunt
934 1176 1025 1238 quam
1039 1156 1099 1215 dici
1110 1169 1254 1237 oporteat.

152 1238 258 1298 Pisida
274 1237 325 1298 hic
337 1241 547 1320 Almagestom
559 1241 689 1316 indicat,
716 1261 777 1322 quc
792 1245 824 1298 in
844 1243 920 1300 libro
932 1243 1123 1302 Ptolemaeus
1137 1263 1193 1324 pro
1208 1247 1256 1305 sui

150 1327 268 1405 ingenii
280 1324 404 1384 medulo
417 1336 550 1406 systema
564 1329 753 1406 planetarum
770 1329 904 1406 exponit.

239 1409 312 1475 36⁵.
356 1411 599 1490 subintelligitur,
613 1423 738 1492 utputo,
753 1405 880 1494 χρόνων,
895 1411 1021 1470 fortasse
1037 1414 1129 1471 etiam
1144 1419 1257 1498 μεροῖν,

153 1493 276 1578 quodsi
289 1497 405 1575 placet,
428 1491 479 1560 ἐπ’
495 1491 626 1576 ἐσχάτων
637 1495 818 1556 vertendum
832 1507 878 1556 est
892 1495 932 1556 ab
945 1497 1060 1555 ultimis
1074 1509 1168 1557 terroe
1185 1520 1257 1582 par-

151 1581 251 1656 tibus3
275 1583 362 1662 quasi
374 1591 479 1641 noster
492 1582 572 1640 facta
585 1583 732 1641 allusione
747 1581 787 1640 ad
798 1579 1006 1662 expeditiones
1021 1585 1162 1660 Heraclii,
1186 1589 1257 1666 qui·

152 1667 209 1725 bns
221 1669 253 1724 in
263 1669 426 1746 penitiores
440 1669 531 1726 Asiae
544 1678 644 1746 partes
655 1669 834 1747 penetravit,
858 1665 939 1725 dicat
952 1669 1015 1726 eius
1028 1671 1160 1748 regionis
1170 1672 1257 1731 iuco-

151 1753 191 1812 lis
204 1761 350 1832 tanquam
364 1771 479 1810 norum
493 1750 706 1831 Phosphorum
721 1755 894 1832 apparuisse
907 1753 1090 1813 Heraclium.

238 1839 310 1901 868.
355 1839 494 1918 quamvis
512 1835 567 1895 diu
585 1839 777 1920 multumque
791 1857 881 1918 opera
895 1839 1063 1896 Ptolemaei
1074 1842 1258 1900 versaverhn

150 1923 263 1980 nullibi
277 1919 356 1980 mihi
369 1923 455 1980 licuit
466 1925 603 1982 invenire
617 1926 810 2000 vaticinium,
844 1921 926 2005 quod
940 1929 1045 2002 poeta,
1069 1943 1160 2006 quam
1179 1927 1260 1986 belle

21 2034 25 2042 ·
151 2008 243 2088 plane
257 2009 370 2083 nescio,
392 2006 448 2067 sed
460 2019 563 2066 tamen
573 2011 607 2066 in
619 2011 794 2068 Heraclium
808 2008 959 2067 transfert.
982 2011 1084 2090 itaque
1099 2021 1150 2068 aut
1163 2014 1260 2071 inter·

152 2091 261 2152 cidisse
273 2095 392 2168 locum,
420 2091 460 2152 ad
475 2113 567 2174 quem
579 2092 688 2152 alludit
699 2092 821 2169 Pisida,
853 2091 1016 2151 dicendum
1033 2104 1095 2169 est,
1127 2105 1179 2154 aut
1193 2117 1260 2157 esse

152 2177 290 2238 eiusdem
315 2198 357 2237 ex
380 2177 562 2259 quibusdam
585 2179 686 2238 verbis
707 2182 1017 2258 interpretamentum.
1062 2174 1194 2240 ceterum
1216 2203 1258 2241 ne

151 2278 274 2344 prorsus
295 2256 484 2345 οἷσῦμβοολοο
502 2262 575 2321 hinc
596 2261 803 2340 discedamus,
838 2263 926 2322 detur
947 2267 1134 2324 coniecturae
1158 2267 1256 2327 locus.

150 2353 255 2430 itaque
273 2350 317 2408 sic
337 2345 480 2407 hariolos.
531 2349 724 2408 Ptolemaeus
749 2369 819 2408 cnm
838 2349 929 2429 plane
952 2362 1088 2410 nosceret
1110 2363 1256 2433 qnantum

150 2445 270 2494 veteres
291 2436 470 2508 astronomi,
499 2430 648 2492 Eudoxus
670 2433 883 2493 Eratosthenes
905 2435 1050 2494 Geminus
1073 2437 1208 2497 Marinus
1226 2448 1256 2497 et

151 2521 222 2595 alii,
255 2521 334 2577 inter
351 2538 384 2578 se
405 2517 558 2598 disparent
572 2521 605 2576 in
618 2520 815 2598 polaristella
832 2518 1017 2594 definienda,
1046 2541 1103 2580 uec
1116 2525 1182 2602 ipse
1196 2525 1256 2582 ali-

150 2607 237 2680 enius
252 2606 387 2685 opinioni
402 2605 491 2662 facile
507 2607 708 2680 assentiretur,
736 2605 864 2664 fortasse
877 2607 989 2664 alicubi
1001 2605 1081 2664 dixit
1094 2607 1158 2666 fore
1174 2618 1255 2686 tem-

149 2711 209 2772 pus
225 2709 285 2772 quo
300 2690 389 2769 polus
403 2690 493 2765 alter,
526 2709 561 2748 ao
579 2691 669 2769 plane
686 2690 722 2749 ab
740 2711 775 2750 eo
789 2691 924 2751 diversus
939 2694 992 2774 qui
1007 2702 1079 2750 tunc
1095 2713 1159 2752 esse
1173 2694 1255 2754 fere-

148 2777 251 2850 batur,
270 2777 441 2855 sapientum
453 2773 565 2833 iudicio
579 2777 658 2834 iuter
668 2773 808 2836 homines
821 2779 1058 2835 constitueretur.
1087 2797 1165 2858 quae
1182 2800 1254 2837 cou-

149 2864 299 2919 iecturam
319 2859 492 2919 confirmare
505 2871 644 2940 possent,
672 2859 784 2923 videsis
798 2865 831 2919 in
844 2863 961 2919 Patavii
978 2861 1162 2942 Uranologrc
1178 2863 1255 2922 Dis-

150 2956 222 3005 cert.
244 2947 317 3006 Vor.
335 2944 389 3004 lib.
405 2950 425 3010 3
441 2965 468 3002 c.
484 2945 506 3012 4
521 2957 550 3002 et
560 2965 642 3026 seqq.
690 2987 695 2996 .
839 2959 840 2964 ’

238 3035 311 3097 380.
354 3029 479 3105 alludit,
507 3031 630 3111 opinor,
660 3028 700 3088 ad
712 3040 843 3088 metrum
857 3030 1038 3106 iambicum,
1067 3050 1127 3112 quo
1144 3033 1254 3110 utitur3

152 3119 240 3200 quasi
254 3116 334 3176 dicat
347 3127 430 3196 gesta
442 3117 574 3175 Heraclii
588 3118 672 3198 epico
686 3119 817 3175 carmine
833 3117 942 3176 melius
957 3128 987 3202 et
999 3116 1119 3198 dignius
1135 3121 1256 3178 tractari

173 3206 296 3264 otuisse.

151 3223 172 3282 P
239 3293 313 3356 889.
357 3288 460 3348 confer
473 3309 550 3370 quae
563 3290 970 3370 sequunturcumHexaem.
988 3287 1029 3353 85
1042 3299 1071 3347 at
1083 3310 1167 3370 seqq.

238 3379 311 3440 396.
356 3379 385 3439 1.
407 3375 533 3462 coe-12
555 3372 586 3437 4.
872 3375 880 3414 ⁸

239 3458 311 3524 407.
355 3457 458 3520 Pisida
478 3469 595 3518 veteres
608 3459 712 3538 culpas
724 3459 857 3517 Heraclii
871 3461 1030 3518 nominans
1045 3460 1154 3518 tacitns
1169 3457 1257 3518 vide-

152 3555 204 3606 tur
220 3543 438 3625 reprehendere
449 3545 570 3602 illicitas
582 3549 719 3624 nuptias,
741 3563 817 3625 quas
831 3545 884 3602 ille
898 3565 967 3603 cum
981 3545 1043 3602 filia
1058 3547 1167 3604 sororis
1184 3563 1257 3602 suae

151 3633 313 3691 contraxit.
343 3651 407 3690 rem
421 3633 527 3690 acriter
538 3633 672 3709 exagitat
683 3627 870 3711 Nicephorus
886 3631 940 3709 ep.
951 3653 989 3710 p.
1010 3635 1066 3705 1ος
1089 3631 1142 3709 qni
1154 3638 1257 3686 tamen

148 3714 229 3776 illud
241 3715 343 3792 addit,
375 3717 480 3796 Sergio
497 3713 693 3774 vehementer
711 3718 835 3774 instanti
849 3727 881 3774 ut
895 3717 1039 3775 scelestae
1055 3715 1178 3792 nuptiae
1192 3714 1256 3772 sol-

148 3812 302 3879 verentur,
323 3803 497 3861 Heraclium
511 3803 554 3861 ita
568 3799 778 3882 respondisse:
804 3798 845 3874 nir
859 3791 961 3882 οὖμέν
976 3800 1037 3879 ἔχοι
1054 3793 1090 3860 rol
1106 3793 1189 3878 παρά
1209 3817 1258 3860 σοι

148 3882 314 3969 λεγόμενοι·
336 3881 424 3969 dydo
438 3905 487 3950 σοι
499 3885 584 3969 χρέος
596 3887 638 3962 οἷς
650 3881 784 3970 οἷρχοερεῖ
793 3885 846 3949 nol
858 3887 949 3970 clip,
970 3881 1030 3968 ἤδη
1046 3877 1241 3960 ἀποδέδωκας

96 4029 107 4041 .
148 3966 205 4053 ἔφ’
217 3968 295 4053 ἡμῖν
309 3965 343 4032 dl
356 3965 391 4033 so*
405 3971 511 4036 iosnc'v
525 3975 653 4036 ualeam
664 3969 702 4036 nt
716 3977 771 4054 τῆς
783 3967 928 4056 πράξεως.

237 4060 313 4121 412.
356 4055 517 4135 Reg.42
543 4062 591 4121 ii.

238 4139 314 4208 415.
357 4139 454 4199 Etod-
473 4144 511 4204 18
535 4145 584 4206 11.
607 4143 775 4203 communis
791 4153 836 4202 est
848 4151 968 4223 patrum
981 4139 1128 4200 sententia
1142 4137 1259 4196 Mosem

150 4230 185 4287 in
199 4231 311 4287 vertice
324 4228 436 4286 montis
450 4225 665 4287 extendentem
675 4247 785 4288 manus
800 4247 869 4286 cum
882 4229 966 4306 virga
980 4227 1074 4286 irrisae
1088 4223 1259 4304 symbolum

150 4311 266 4374 Christi
286 4316 320 4372 in
341 4331 429 4372 cruce
449 4310 627 4395 pendentis,
655 4333 716 4396 quo
736 4331 845 4375 manns
866 4333 936 4374 suas
957 4315 988 4372 in
1004 4313 1087 4391 ligno
1103 4329 1157 4391 pro
1173 4309 1259 4368 nobis

196 4422 295 4495 oorg.
318 4423 402 4480 Pitid.
1014 4415 1051 4476 11
