3017 4817
1133 192 1151 251 i

596 321 842 391 PRAEFlTlo.
1193 346 1269 423 m
1385 398 1388 412 i

172 484 362 547 refirtandam
380 486 425 545 nil
446 488 562 546 faciunt
576 490 670 547 iambi
685 509 761 571 quos
775 510 815 549 ex
827 488 929 549 Pisida
942 490 1057 569 profert
1069 487 1267 573 Nicephorns.

171 612 252 650 error
266 602 370 650 autem
383 590 489 649 Severi
502 600 593 672 atque
609 594 744 651 omnium
757 589 1037 671 bionopbysiterum
1051 592 1109 652 suit
1128 604 1162 652 ut
1173 614 1266 655 unam

171 710 213 750 ex
224 689 340 751 duabus
353 696 386 749 in
400 690 517 753 Christo
531 704 669 753 naturam
681 705 750 773 post
761 697 923 767 unionem,
946 691 1005 752 hoo
1018 704 1064 754 est
1077 697 1110 751 in
1125 697 1265 756 mesena-
1329 691 1333 696 ’

172 796 269 869 tione,
291 790 480 870 adsererent,
504 786 588 855 cuius
608 794 799 855 deliramenti
819 796 995 875 praestigias
1009 814 1142 876 nequeas
1154 800 1265 859 melius

170 894 310 975 detegere
332 908 423 978 atque
440 899 633 980 impugnare,
654 918 745 979 quam
766 900 793 959 si
812 918 881 957 cum
897 895 999 957 Pisida
1011 895 1109 957 dicas:
1129 896 1204 958 heu«
1215 910 1263 972 tu,

173 999 293 1069 Severe,
314 1000 342 1057 si
362 1010 390 1056 te
408 1020 471 1059 non
489 1010 677 1079 repugnante
697 1000 796 1057 uitem
812 1012 855 1059 eet
873 991 1053 1071 divtiiimtis,
1078 1002 1176 1061 altera
1194 1024 1264 1062 vero

168 1098 369 1159 dammnati
398 1104 432 1159 in
464 1102 580 1161 Clodio
607 1112 737 1175 natura,
768 1103 914 1182 quomodo
938 1103 1066 1161 almum
1086 1115 1115 1161 et
1136 1104 1265 1164 alterurn

167 1212 271 1260 Μ’
284 1222 346 1260 esse
364 1202 461 1262 dicis?
503 1224 600 1263 nonne
619 1204 676 1263 hoc
700 1208 790 1264 etim
808 1208 913 1285 pueris
929 1205 1088 1264 ηἵᾰεὴώιηι
1108 1209 1183 1277 erit,
1210 1211 1266 1287 qui

163 1305 260 1383 plone
279 1312 398 1363 nomnt'
412 1327 447 1365 er
465 1310 529 1365 uria
545 1317 574 1365 et
586 1326 649 1365 uno
662 1328 724 1365 non
739 1328 834 1367 unam
845 1308 900 1367 sed
909 1307 988 1367 &rar
999 1308 1159 1367 cookccers
1171 1319 1264 1366 nonr-

169 1408 245 1465 mr?
285 1419 376 1488 atque
396 1405 473 1466 haec
488 1410 530 1466 ita
545 1409 635 1487 plane
651 1408 824 1489 accipienda
835 1410 1018 1488 'essaoperis
1032 1420 1190 1471 contextus
1208 1408 1264 1469 de-

166 1519 333 1569 monstrat:
354 1512 396 1569 ita
417 1511 608 1590 animatque
628 1508 689 1569 hoc
709 1512 800 1590 plane
820 1531 911 1570 sensu
925 1508 1044 1570 laudati
1062 1509 1263 1591 aMoephoro

89 1634 94 1644 ²
167 1612 263 1671 iambi
280 1614 313 1671 in
333 1610 481 1672 Severum
503 1606 725 1694 intorquentur,
748 1623 783 1671 ut
800 1612 903 1672 videre
927 1623 973 1673 est
991 1634 1020 1676 v.
1043 1618 1104 1678 688
1128 1624 1159 1673 et
1175 1633 1261 1696 seqq.

169 1712 243 1775 indo
257 1724 357 1773 autem
370 1718 462 1773 etiam
476 1714 600 1793 colligas
615 1713 769 1774 evidenter
780 1735 885 1775 omnes
901 1726 970 1795 post
980 1712 1181 1794 Nicephorum
1193 1716 1262 1774 alu-

119 1794 124 1804 .
169 1819 284 1877 cinatos
298 1838 363 1877 esse
374 1820 549 1896 scriptores,
570 1819 622 1895 qui
633 1837 669 1876 eo
686 1815 761 1875 duce
776 1814 917 1877 dixenmt
931 1816 1066 1877 Pisidam
1076 1816 1159 1877 hisce
1171 1837 1261 1877 sena-

169 1922 221 1979 riis
236 1918 440 2001 philoponum
453 1917 610 1977 lacessere.
648 1922 751 2001 itaque
767 1921 897 1979 Allatius
907 1922 1039 1999 primum
1051 1916 1110 1979 hoc
1125 1924 1263 1980 testimo·-

169 2024 221 2079 nio
245 2018 407 2101 Nicephori
428 2020 522 2079 fretus
539 2030 671 2081 asserere
691 2042 753 2081 non
778 2019 925 2081 dubitavit
943 2022 1106 2100 Georgium
1126 2034 1264 2083 nostrum

168 2124 271 2203 aliquo
290 2126 398 2202 scripto
419 2120 587 2181 Iohannem
605 2122 810 2203 Philoponum
823 2125 946 2205 eiusque
961 2135 1140 2185 sectatorum
1153 2123 1263 2185 haere·

168 2228 230 2284 sim
249 2242 453 2304 oppugnasse3
484 2224 599 2283 Caseus
621 2236 720 2284 autem
743 2235 773 2285 et
794 2222 929 2285 0udinus
948 2223 1084 2285 eiusdem
1100 2225 1263 2307 Nicephorl

169 2328 344 2385 auctoritate
367 2336 397 2384 et
416 2324 476 2385 fida
494 2329 570 2386 moti
584 2329 617 2385 in
635 2324 837 2406 Philoponnm
851 2329 1005 2408 scripsisse
1016 2327 1150 2403 Pisidam
1160 2348 1215 2409 pro
1229 2350 1262 2387 re

168 2440 249 2489 certa
269 2427 454 2505 habuerunt,
476 2427 531 2489 aad
551 2448 620 2489 cum
643 2427 725 2510 quod
745 2426 803 2489 hoc
825 2441 904 2489 esset
921 2450 995 2510 opus
1011 2432 1044 2489 in
1060 2428 1263 2513 Philoponrnn

167 2534 312 2610 scriptum
323 2534 511 2610 ignorarent,
535 2534 636 2590 omnia
650 2551 809 2611 perperam
820 2534 979 2593 miscentes
993 2543 1023 2591 et
1034 2535 1067 2591 in
1078 2553 1175 2593 unum
1186 2554 1261 2594 con-
1337 2567 1341 2574 ·

167 2632 343 2709 fundentes,
364 2652 426 2693 non
449 2632 532 2693 aliud
548 2642 646 2715 quarn'
661 2636 871 2693 Hemimeron
892 2632 970 2693 illud
991 2655 1057 2694 esse
1076 2634 1261 2695 iudicarunt:

168 2756 238 2797 crnn
257 2746 359 2795 autem
379 2738 414 2795 in
436 2755 472 2794 so
492 2742 631 2815 poemate
652 2737 795 2795 Proetum
812 2738 962 2795 nominari
975 2736 1263 2815 animadvertissent,

167 2838 287 2897 nullam
307 2838 404 2899 alitem¹
417 2856 483 2897 esse
505 2839 651 2897 rationem
666 2847 857 2897 autumenrnt
871 2835 1050 2896 conciliandi
1060 2839 1179 2899 Pisidae
1192 2860 1262 2899 cum

166 2936 353 3017 Nicephoro,
376 2957 469 3020 quam
492 2941 519 2998 si
542 2938 676 2999 dicerent
694 2940 749 2999 sub
775 2949 853 2997 tecto
867 2938 966 2997 Procli
980 2942 1103 2999 nomine
1114 2939 1261 3020 Philopo-

165 3062 239 3101 num
250 3040 392 3119 intelligi.
435 3038 490 3100 sed
504 3041 656 3101 Fabricius
670 3062 726 3103 nec
741 3041 859 3102 Oudino
873 3052 903 3101 et
918 3042 1016 3101 Caveo
1030 3040 1167 3102 concedit
1179 3039 1261 3101 idem

166 3164 322 3226 unumque
347 3162 413 3203 esse
435 3163 510 3223 opus
527 3146 559 3201 in
579 3143 784 3225 Philoponum
801 3164 871 3203 cum
888 3146 1093 3220 Hexaiimero,
1114 3165 1172 3204 nec
1193 3165 1262 3203 cum

167 3249 279 3307 Anaua
300 3248 463 3322 consentit,
486 3248 539 3326 qui
557 3248 707 3326 siugulare
730 3254 838 3327 poema
858 3244 999 3307 adversus
1013 3246 1145 3307 eundem
1154 3246 1262 3309 Philo·

166 3369 282 3429 ponum
295 3343 436 3424 admittit,
457 3346 512 3409 sed
522 3352 622 3428 potius
637 3352 792 3409 existimat
802 3336 937 3409 Pisidiam
947 3349 1043 3410 tribus
1055 3352 1117 3410 illis
1128 3361 1263 3410 tantum-

166 3450 259 3512 modo
282 3451 437 3510 versicnlis
462 3448 666 3511 tritbeismum
687 3450 848 3532 Philoponi
874 3455 998 3534 eiusque
1019 3451 1212 3533 computandi
1228 3454 1263 3509 in

166 3550 278 3613 divinis
301 3555 502 3613 temeritatem
523 3555 742 3633 perstrinxisse.
787 3553 844 3614 sed
866 3554 943 3615 baec
965 3558 1066 3617 omnia
1083 3576 1124 3613 ex
1139 3554 1262 3632 ingenio

164 3675 415 3738 unumquemque
434 3675 489 3715 suo
506 3660 605 3717 miuus
625 3666 704 3717 recte
731 3655 903 3717 adfirmasse
927 3660 991 3716 iarn
1012 3652 1127 3717 constat
1144 3674 1185 3712 ex
1202 3651 1262 3711 hoe

164 3768 306 3843 poemate
319 3763 353 3819 in
368 3760 524 3831 severum,
543 3762 578 3817 in
593 3779 653 3841 quo
668 3759 772 3821 Pisida
784 3761 929 3820 Severum
942 3762 1057 3840 ipsum,
1076 3776 1140 3815 non
1156 3752 1261 3813 Philo-

163 3882 282 3945 ponnm
302 3864 478 3923 insectatur.
519 3873 620 3923 utrum
637 3864 856 3925 autemtirceta
869 3860 1044 3937 Cboniates,
1066 3876 1158 3941 quem
1173 3856 1261 3915 Alla-

163 3968 229 4027 eu.
249 3966 290 4025 an
309 3966 363 4025 ua.
379 3968 420 4031 10
446 3964 865 4040 numennumen
876 3964 1021 4025 aecem
1033 3959 1262 4039 uompoyuu,
1346 3988 1349 3999 .

161 4066 292 4129 eosdem
313 4079 374 4129 tres
395 4089 499 4129 versus
520 4067 659 4144 laudare,
681 4066 761 4127 dicat
778 4088 844 4127 osse
860 4068 930 4126 iilos
945 4074 1045 4126 contra
1058 4062 1262 4143 Philoponum

160 4174 310 4251 scriptos,
336 4172 427 4251 plane
442 4174 554 4232 nescio.
597 4187 773 4252 quenquam
787 4170 869 4229 enirn
883 4168 1014 4226 multum
1024 4162 1157 4225 studiose
1170 4162 1261 4222 binus

159 4272 318 4337 Thesauri
338 4274 456 4337 codices
473 4276 506 4334 in
523 4276 667 4335 Romanis
680 4270 870 4335 bibliothecis
883 4271 1132 4353 conquisiverim,
1152 4266 1261 4325 nullibi
