3017 4817
463 316 662 388 rmsrcsu
684 307 945 389 succisus
1205 313 1258 392 st
1372 277 1376 283 ’

230 490 284 552 88.
324 481 410 545 idem
421 484 544 546 iambus
559 485 687 546 occurrit
698 485 733 545 in
747 483 899 545 Harai'm.
918 483 1012 552 1668.

194 573 200 584 ’
226 575 282 636 90.
322 573 428 632 confer
447 570 505 632 hos
524 591 632 633 versus
653 593 724 632 cum
741 571 894 632 Herai'm.
908 569 974 636 463
986 580 1092 651 etseq.
1111 571 1157 631 ibi
1172 573 1256 634 euim

143 655 281 719 divisam
293 659 489 718 clementiam
501 657 612 718 τοὰαιιι
624 659 689 718 iere
701 657 795 719 modo
811 657 964 720 describit.

229 744 283 808 96.
325 765 391 806 vox
407 738 571 827 δραττιιιόν
588 765 653 805 non
664 747 698 804 in
710 755 817 805 neutro
833 740 1023 804 tautumsed
1035 741 1127 802 etism
1140 741 1173 800 in
1188 741 1257 802 aliis

142 829 306 909 generibus
324 851 381 911 pro
403 831 591 891 substantiva
609 842 754 914 usurpata
774 833 946 892 invenitur:
969 831 1013 892 slc
1035 821 1180 911 δραστική
1201 847 1257 908 pro

142 913 291 998 δραστική
305 913 437 998 δύναμις
450 918 502 976 vel
514 913 669 999 συμφοραί.

231 1005 306 1066 102
349 1003 473 1082 elegans
483 1001 679 1082 metaphora,
702 1021 765 1085 qus
777 1007 913 1081 seposta
929 1009 1084 1080 comparat
1096 998 1257 1077 agricolae.

140 1084 223 1146 sulci
248 1096 320 1146 sunt
342 1089 454 1165 iambi,
486 1098 618 1148 ann-nm
639 1089 745 1161 stilus,
775 1089 893 1146 semina
914 1087 1007 1145 rerba
1026 1095 1058 1144 et
1077 1087 1257 1144 sententias.

138 1171 250 1231 forsan
261 1171 304 1231 ad
315 1177 470 1256 antiquam
481 1174 666 1232 Graecorum
677 1171 830 1232 scribendi
845 1173 993 1232 rationem
1006 1171 1156 1250 respexit,
1178 1189 1259 1251 quae

138 1253 379 1340 βουστροφηδὸν
409 1255 582 1316 dicebatur:
617 1268 653 1316 at
679 1261 764 1316 enim
792 1267 911 1316 arantes
939 1277 1009 1316 cum
1030 1257 1128 1316 bobus
1148 1255 1257 1332 solent,

139 1344 243 1422 primo
264 1361 283 1400 a
302 1340 412 1400 dextra
424 1341 465 1401 ad
476 1345 630 1402 sinisti-mn
642 1362 748 1403 veram
765 1343 870 1402 stilum
887 1341 1036 1402 ducebant
1050 1352 1186 1418 veteres,
1209 1338 1258 1401 at-‘

140 1446 205 1508 que
218 1427 274 1485 ubi
289 1425 329 1485 ad
342 1429 495 1488 simstram
510 1432 640 1509 paginae
656 1447 742 1488 oram
754 1428 958 1505 devenissent,
980 1427 1172 1487 dextrorsum
1185 1446 1258 1507 per·-

141 1513 266 1592 gebant,
287 1523 356 1572 tom
367 1533 441 1574 vero
452 1515 565 1574 lterum
579 1514 620 1575 ad
633 1515 787 1575 sinistram
803 1514 1007 1574 succurrebant.
1050 1515 1092 1572 lta
1104 1533 1177 1571 esre
1191 1514 1259 1572 sul»

143 1617 197 1658 oos
215 1600 485 1679 repraesentabant
503 1601 620 1678 linem,
642 1620 721 1683 quae
734 1597 865 1674 αι’ἱλαιιις
881 1619 917 1660 ea
934 1598 972 1660 de
988 1615 1079 1658 causa
1095 1597 1193 1657 dictae
1206 1600 1258 1656 in-

141 1684 317 1744 veniuntur.
358 1687 539 1767 Anonymus
550 1688 604 1768 qui
615 1689 838 1769 Panegyricum
848 1687 1025 1766 Berengarii
1037 1687 1112 1763 inp.
1125 1687 1261 1742 consorl⁴

142 1770 208 1848 psit
226 1770 264 1828 ab
285 1767 440 1830 lladriano
461 1773 582 1833 Valerio
601 1771 735 1850 edimm,
759 1771 839 1832 dixit
862 1771 918 1832 lib.
941 1776 961 1835 8
984 1770 1043 1837 562
1055 1770 1159 1852 sarmit
1174 1771 1259 1829 ιἰωια

143 1856 204 1912 cito
218 1853 336 1914 scribas
350 1856 468 1916 aalma
474 1875 608 1935 papyro.
663 1876 667 1882 ·

232 1955 305 2021 tot.
348 1957 521 2036 allegorice,
544 1959 661 2038 opinor,
682 1969 805 2018 noctem
815 1958 936 2062 ulgram
945 1967 1034 2018 vocat
1045 1961 1164 2036 Persas,
1181 1970 1258 2042 quos

143 2041 239 2101 etiarn
248 2043 282 2099 in
293 2041 354 2100 fine
365 2042 572 2102 Abun'ocmm
584 2062 614 2103 τ.
629 2043 693 2108 626
706 2061 884 2118 σιιονεινους
897 2043 1041 2124 appellat,
1062 2063 1125 2104 non
1138 2053 1257 2104 tsntmu

143 2125 185 2185 sd
200 2124 312 2186 damna
327 2125 478 2187 abluenda
493 2149 572 2212 quae
589 2131 695 2206 terris,
718 2149 811 2212 quam
827 2127 868 2187 ad
882 2147 918 2187 ea
933 2148 1011 2210 quae
1023 2131 1165 2209 religioni
1175 2130 1259 2188 infe*

143 2213 262 2271 rebant.
306 2215 419 2296 quippe
438 2213 573 2275 chosroe
591 2214 701 2295 legatis
723 2216 762 2274 sb
786 2213 926 2274 Heraclio
945 2217 1046 2276 missis
1063 2214 1259 2297 responderet

144 2290 185 2363 osi
208 2298 354 2381 φείσομαι
373 2299 480 2382 lpus,
503 2299 560 2376 lor
573 2295 614 2365 ds
630 2293 810 2386 α’ρνήσησθι
824 2297 876 2363 τᾶν
890 2298 1137 2385 ἐσταυρωμένον,
1159 2297 1259 2364 dcli*

143 2403 212 2466 yess
224 2381 302 2448 θιόν
315 2379 410 2462 εἶναι,
431 2385 482 2450 sul
495 2383 727 2469 προσκυνήσατε
738 2391 784 2474 τῷ
795 2381 880 2469 ἡλίῳ.

231 2487 305 2554 106.
347 2489 459 2548 Persae
477 2489 541 2548 iam
558 2508 576 2547 a
591 2489 781 2550 Constantini
794 2489 980 2569 temporibus
994 2489 1138 2550 Romanis
1154 2485 1258 2548 infesti

144 2591 250 2631 eorum
277 2575 450 2654 provincias
473 2574 618 2635 invadere
646 2595 805 2657 nunquam
838 2573 1028 2636 destiterunt.
1072 2575 1128 2636 sed
1158 2575 1256 2634 multo

143 2659 242 2718 acrius
262 2659 342 2718 inter
364 2679 417 2716 eos
438 2659 556 2719 bellum
575 2664 691 2722 exarsit
705 2663 763 2719 sub
776 2663 923 2719 Mauricio
940 2659 1104 2733 etPhoca,
1126 2679 1257 2738 quorum

143 2741 302 2800 Heraclius
315 2743 348 2800 in
363 2743 490 2822 imperio
505 2761 661 2804 successor
672 2741 741 2802 fuit.
785 2761 864 2800 anno
880 2744 963 2800 enim
977 2740 1039 2806 699
1055 2743 1176 2820 Persae,
1190 2745 1256 2804 Eu-

144 2825 287 2907 phratem
304 2830 498 2908 transgressi,
520 2837 555 2886 ut
573 2829 616 2886 ait
628 2823 837 2906 Theophanes
849 2847 886 2905 p.
901 2825 979 2902 247,
1001 2829 1104 2890 πᾶσαν
1119 2823 1177 2906 τήν
1190 2833 1257 2892 Σα-

144 2913 220 2996 ρίαν
240 2909 292 2975 sul
311 2915 520 2994 Παλαιστίνην
538 2907 802 2994 criminessloco,
824 2931 903 2970 auno
927 2921 1031 2970 autem
1047 2915 1109 2976 617
1129 2911 1259 2973 Chalce-

145 2995 277 3074 donem,
300 3017 378 3080 quae
391 3009 494 3058 contra
508 2999 629 3078 cpolim
644 3007 724 3073 erat,
747 3007 908 3076 ceperunt,
928 3016 997 3054 cum
1010 2997 1074 3054 iam
1088 2999 1259 3076 innumera,

145 3104 224 3166 quae
239 3085 313 3143 ferri
326 3105 390 3142 non
401 3095 527 3166 possent
538 3084 663 3162 scelera,
679 3091 861 3166 patrassent.
905 3081 976 3144 vide
990 3077 1100 3145 Chrou.
1111 3082 1259 3146 Paschale

144 3188 177 3249 p·
190 3166 255 3233 704
271 3167 320 3228 ed.
332 3171 432 3229 Bonn.

232 3273 305 3334 112.
349 3269 495 3354 expedire
516 3283 552 3334 ut
569 3273 652 3334 bella
672 3294 729 3355 per
741 3293 775 3333 se
789 3279 874 3352 gerat
885 3269 1044 3352 princeps,
1066 3289 1173 3334 omues
1192 3273 1257 3334 fere

146 3357 338 3415 consentiunt
354 3354 393 3417 de
407 3361 499 3419 rebus
510 3361 643 3441 politicis
655 3362 827 3440 scriptores.
922 3366 927 3388 ¹

234 3457 308 3524 124·
351 3461 451 3520 vanas
473 3465 656 3538 sententias,
675 3481 754 3544 quas
774 3464 853 3521 circa
872 3459 947 3520 belli
969 3457 1096 3540 gerendi
1112 3463 1259 3522 rationem

145 3545 266 3620 retulit,
290 3539 445 3620 dsmslooc
458 3551 650 3626 pronuntiat,
670 3549 794 3622 volens,
817 3549 939 3628 opinor,
962 3549 1077 3627 Crispi,
1100 3551 1153 3629 qui
1166 3567 1260 3627 gener

143 3630 206 3688 fnit
218 3627 357 3707 Phocoe,
379 3635 581 3692 temeritatem
596 3653 758 3710 excusare,
781 3637 836 3716 qai
851 3634 991 3692 Heraclio
1011 3636 1075 3692 elus
1094 3631 1184 3713 ope‘rn
1202 3653 1260 3714 pe·-

145 3719 225 3776 tenti
233 3716 410 3802 respondit,
429 3711 488 3782 ααά
500 3714 698 3808 1ξὸνρωάιῖ
706 3713 945 3800 καταλιμπάνειν
960 3716 1179 3799 persteterunt
1193 3723 1261 3790 cuir

143 3793 255 3946 Ἆρα
267 3798 475 3953 ing-pedisse
490 3799 659 3888 δυνάμεσιν
672 3824 738 3866 rem
751 3816 854 3866 nouat
868 3801 1056 3885 Nicephorus
1069 3813 1147 3884 patr.
1159 3803 1255 3864 Bm.

211 3896 235 3944 t.
246 3908 283 3965 p.
1355 3893 1357 3898 ⁸

237 3991 309 4054 129.
352 3992 556 4052 coniecturum
587 3991 681 4052 modo
715 3989 878 4053 adductam
914 3991 1035 4053 ridetur
1070 3990 1257 4065 confirmare,

146 4074 238 4156 qussi
263 4077 405 4137 Heraclio
427 4075 628 4138 dubitandum
648 4080 758 4140 ferisset
781 4079 818 4139 de
840 4098 946 4139 eorum
964 4077 1025 4138 fide
1046 4079 1099 4157 qui
1120 4079 1151 4136 ei
1173 4087 1259 4136 erant

145 4179 167 4218 a
189 4162 343 4238 consiliis,
369 4160 451 4222 unde
468 4165 535 4243 ipse
555 4168 666 4224 merito
685 4185 809 4226 omnem
827 4185 915 4226 suam
933 4183 1020 4246 spem
1035 4163 1068 4221 in
1085 4161 1143 4222 deo
1162 4164 1260 4223 collo-

145 4247 248 4351 uvir,
269 4259 302 4309 et
320 4246 360 4307 de
380 4267 437 4309 suo
457 4251 491 4308 in
511 4249 668 4311 Persidem
685 4253 824 4334 profectu
846 4269 949 4313 secum
970 4249 1124 4312 cumulare
1141 4247 1259 4310 tenbe-

147 4343 272 4394 rurant.
