3017 4817
275 329 348 402 106
522 323 735 411 QUERGIUS
759 321 805 392 ΙΝ
829 319 1134 392 EXPEDITIONIS

272 507 304 556 et
328 493 488 556 Straoenis
515 491 554 552 ab
582 491 723 552 Heraolio
751 487 880 550 divulsis
899 499 930 549 et
949 489 982 548 in
999 486 1093 552 fidem
1112 483 1257 568 nuptis,
1288 483 1380 546 simul

272 600 380 646 omues
400 576 576 640 blobameto
598 576 676 638 duae
695 579 901 656 oonspirantes
920 577 1027 636 Asiam
1041 583 1072 632 et
1084 573 1220 632 Africam
1234 591 1315 652 pene
1332 581 1379 631 to-

273 679 338 728 tam
350 667 495 756 mimis
509 661 732 724 calamitatibus
745 663 932 723 afflixerant.
975 656 1047 720 ride
1059 677 1150 738 supra
1163 677 1194 718 r.
1209 661 1263 723 10.

357 787 432 850 220.
474 791 555 841 reete
574 779 793 841 Smoenorrnn
811 789 952 840 naturam
970 779 1106 858 attingit,
1128 779 1183 857 qui
1205 777 1379 858 populatio-

274 873 364 931 nibus
384 871 493 929 intenti
516 878 547 926 et
567 863 729 952 λρσιριιιόν
746 871 827 928 vitae
845 885 941 945 genus
959 863 1103 924 duoentes
1122 882 1184 922 non
1199 883 1241 922 ex
1256 863 1378 922 militari

275 957 436 1036 disciplina
458 950 579 1013 hostem
601 951 743 1032 aggredi,
770 949 826 1012 sed
842 953 994 1011 latronum
1010 951 1105 1008 instar
1119 949 1292 1008 clanculum
1302 951 1377 1006 irre-

271 1063 360 1124 pere,
381 1049 413 1100 et
424 1036 555 1120 praeda,
575 1039 604 1096 si
615 1039 737 1114 liceret,
758 1039 839 1097 faeta
856 1057 889 1096 se
905 1038 1037 1116 recipere
1052 1043 1282 1096 consueverunt.
1314 1034 1378 1090 llo-

273 1127 446 1188 obartusin
465 1119 1177 1202 Phohgle‘lr.2c.28araoenosalatrooiniis
1196 1139 1264 1180 esee
1284 1117 1377 1178 diotot

274 1213 444 1292 contendit,
466 1219 538 1299 quia
550 1198 651 1324 ὦ)...
666 1215 788 1294 Saraka
803 1215 929 1274 Arabiae
945 1221 991 1274 est
1004 1211 1191 1271 ἱαιιοοίιιανί.

358 1325 434 1388 222·
476 1323 620 1402 inpoem.
636 1323 674 1384 de
688 1322 896 1388 numeras
917 1319 960 1386 68
980 1317 1023 1377 ita
1043 1313 1082 1376 de
1103 1313 1241 1375 diaholo:
1261 1309 1380 1392 κλέψας

273 1404 308 1474 td
320 1409 443 1490 ιιρόιιι
456 1403 603 1490 μειζόνως
615 1400 798 1488 lusatiae.
965 1487 967 1494 Α

193 1530 199 1542 ·
358 1508 434 1574 224.
476 1507 516 1570 de
531 1509 693 1570 clementia
707 1509 841 1568 Heraclii
855 1507 888 1566 iu
903 1503 1012 1568 duoem
1025 1506 1244 1567 Saracenorum
1254 1499 1336 1562 nihil
1345 1501 1377 1559 in

273 1593 477 1675 Theophane.

360 1699 435 1762 288.
476 1697 578 1756 innuit
593 1691 778 1775 benignitate
795 1693 928 1753 Heraclii
947 1693 1063 1752 fautum
1077 1702 1111 1751 ut
1126 1691 1237 1772 aliquis
1251 1689 1377 1751 Samae-

275 1801 385 1844 nornm
400 1779 466 1840 dux
481 1783 512 1840 ei
525 1801 560 1840 se
571 1779 765 1860 adiungeret3
787 1777 871 1860 quod
885 1777 1005 1838 ridetur
1020 1776 1192 1837 oonfinnara
1209 1772 1378 1853 Tbeopba-

275 1886 332 1926 nes
341 1888 378 1945 p·
393 1865 475 1940 257,
497 1862 602 1926 ditans
614 1864 763 1948 quosdam
778 1867 943 1926 &maenus
956 1861 998 1924 ad
1009 1863 1158 1924 aurern
1167 1861 1223 1922 sub
1232 1860 1378 1919 Heraclio

275 1953 440 2011 militantes
456 1947 622 2012 chaeream
635 1952 773 2032 fregisse.

357 2051 451 2126 241..
475 2035 546 2112 unm
557 2055 700 2134 utrinqne
712 2053 811 2132 parati
822 2059 923 2112 essent
935 2051 976 2112 ad
986 2069 1131 2132 pugnarn,
1152 2052 1262 2110 Persae
1272 2049 1379 2108 lunam

275 2149 306 2200 et
321 2138 436 2211 solem,
456 2139 588 2198 Romani
602 2137 695 2198 deum
709 2138 846 2200 adorant.
888 2157 930 2196 ex
941 2140 1067 2198 militari
1081 2135 1239 2216 disciplina
1254 2135 1378 2208 milites,

195 2253 204 2261 ·
275 2235 440 2305 antequam
459 2223 654 2301 dimioeoent,
685 2227 779 2286 sacris
802 2223 1013 2305 operabantur.
1055 2220 1126 2284 ride
1146 2226 1282 2282 Leonem
1304 2222 1378 2298 imp.

274 2331 302 2369 c.
319 2311 376 2373 14:
398 2309 436 2368 de
451 2311 503 2380 tir,
525 2331 605 2390 quoe
624 2310 675 2367 die
696 2308 769 2368 betta·
789 2309 911 2388 agendo
931 2319 1013 2367 eunt.
1058 2307 1147 2389 lpyotr
1169 2301 1311 2389 ὀργάνων
1328 2301 1378 2368 sel

273 2390 441 2476 κυμβάλων
461 2393 546 2453 idem
564 2413 599 2452 ao
621 2389 737 2475 ὄργανα
753 2391 805 2456 sui
819 2387 971 2473 κύμβαλα.
1012 2388 1315 2451 animadvertendum
1329 2388 1377 2448 bio

274 2489 306 2537 et
323 2479 397 2536 alibi
412 2476 495 2557 apud
508 2475 644 2538 Pisidam
657 2479 797 2558 cymbala
809 2489 840 2537 et
850 2489 994 2558 tympana
1009 2479 1093 2536 reiloi
1105 2485 1255 2558 tanquam
1266 2478 1376 2534 menu-

272 2573 376 2622 menta
388 2562 526 2641 profana.
566 2581 660 2644 quare
673 2583 744 2622 oum
757 2565 790 2622 in
805 2560 976 2623 definienda
991 2563 1099 2622 talium
1110 2565 1377 2622 instrumentorum

270 2649 370 2708 sormb
391 2657 421 2705 et
440 2645 613 2707 diversitate
628 2646 800 2729 dismepent
814 2647 942 2726 eruditi,
964 2645 1107 2708 standum
1116 2645 1168 2706 bio
1182 2649 1307 2708 omnino
1321 2665 1377 2704 au·

272 2734 402 2792 ueritati
414 2731 545 2809 fluidae,
567 2735 677 2815 quiite
693 2737 814 2810 statuit,
835 2727 977 2817 sdpduin
991 2728 1142 2814 oupoeal
1156 2733 1294 2816 παίγνια.

356 2831 431 2900 242·
476 2832 516 2894 ad
529 2835 755 2914 spurcissimam
768 2837 929 2895 Persarum
941 2833 1099 2894 libidinem
1113 2831 1378 2894 demonstrandam

271 2926 409 2980 veterum
435 2921 607 2980 testimonis
633 2920 768 3004 undique
790 2921 911 3000 oollegit
928 2923 1099 2981 Brissonius
1116 2921 1155 2979 de
1174 2941 1267 3000 regno
1287 2921 1377 2978 Pan.

273 3005 328 3064 lib.
352 3009 428 3085 2p.
449 3009 524 3072 298.
566 3026 677 3088 nempe
696 3007 744 3067 illi
763 3007 849 3088 quasi
867 3007 1053 3066 mulleroulis
1076 3025 1177 3065 carere
1199 3004 1383 3086 neutiquam

272 3101 496 3235 {223¹erss
513 3089 749 3238 &ibiibi
770 3087 1382 3258 Zssiifflrffiriilssliiefflffi

274 3270 377 3318 autem
397 3263 480 3319 varia
502 3271 588 3320 erant
606 3265 726 3339 munia,
748 3262 804 3324 sed
820 3265 923 3323 omnia
938 3265 1048 3344 turpia.
1093 3263 1280 3322 celebrantur
1294 3263 1383 3320 enim

274 3345 475 3430 μουσουργοί,
499 3337 693 3430 αὐλητρίδες,
712 3343 875 3429 ψάλτριαι,
896 3349 1115 3430 ιιιθαρῐσιριιι,
1137 3343 1261 3434 ᾦδιιαί,
1284 3339 1382 3428 ὄρχη-

275 3430 410 3510 aspiret,
439 3429 477 3490 da
502 3433 612 3512 quibus
632 3435 721 3513 plura
740 3437 774 3492 in
793 3434 916 3494 laudato
939 3437 1104 3496 Brittonio.
1156 3430 1196 3492 ad
1217 3453 1284 3493 rem
1301 3431 1382 3493 illud

273 3525 392 3576 tantum
413 3515 540 3594 addam,
563 3517 646 3600 quod
666 3539 707 3578 ex
725 3520 934 3580 Parmenionis
955 3517 994 3578 ad
1015 3517 1228 3580 Alexandrum
1251 3519 1380 3601 epistola

274 3601 365 3662 refert
382 3599 574 3680 Athenaeus,
595 3606 675 3664 inter
693 3604 913 3685 impedimenta
933 3607 1017 3664 llarli
1036 3607 1168 3688 repertas
1183 3623 1250 3664 essa
1265 3609 1381 3670 mlie-

272 3689 362 3764 sidae
376 3685 586 3773 poosovpyoaig
596 3693 654 3753 ιοῦ
665 3691 811 3773 βασιλέως
822 3691 995 3774 τριακοσίας
1007 3691 1102 3755 aleuas
1114 3687 1213 3754 luriu-

359 3787 434 3854 245.
477 3809 590 3870 organa
602 3794 734 3870 musica,
755 3793 865 3875 quibus
877 3793 1003 3853 canebat
1016 3791 1189 3868 Heraclius,
1211 3799 1298 3850 erant
1310 3790 1381 3872 puri

273 3874 537 4021 Zepplsloalliegrus.
567 3875 679 3938 ridetis
692 3877 891 3960 pentachordi
903 3877 1136 3961 desuriptionem
1149 3879 1183 3936 in
1194 3875 1255 3936 fine
1272 3877 1378 3937 Poena.

360 4059 436 4128 249.
476 4063 601 4139 lunam,
621 4073 740 4144 praeter
759 4067 873 4144 solem,
895 4065 1022 4128 coluisse
1041 4069 1149 4127 Persas
1167 4061 1384 4124 adnotavimus

277 4160 368 4222 supra
379 4145 512 4208 Aeaee.
530 4151 550 4213 1
571 4152 624 4214 82·
667 4161 699 4209 at
710 4148 762 4212 bie
774 4152 877 4212 Pisida
888 4150 927 4211 de
942 4154 1014 4212 luna
1027 4163 1146 4214 tautum
1161 4151 1235 4210 fauit
1246 4151 1386 4210 mentio-

277 4246 367 4302 nem,
388 4242 423 4289 ut
445 4233 505 4292 eibi
523 4236 606 4292 riam
629 4244 744 4297 sternat
757 4237 844 4297 adid
858 4235 941 4320 quod
954 4237 992 4298 da
1011 4239 1114 4318 eclipsi
1129 4239 1229 4297 lunari
1245 4235 1386 4297 diutums

278 4322 324 4372 est
337 4315 371 4372 iu
385 4313 445 4374 line
458 4314 584 4378 ltuiusoa
598 4321 761 4383 ormnem
775 4334 806 4384 et
818 4327 851 4384 iu
864 4325 1014 4405 principio
1028 4323 1191 4407 sequentis.
