3017 4817
421 261 426 273 ’
520 296 764 387 ΙιιωῑοΑεῐΝ
786 300 814 364 1.
1179 297 1252 373 145

144 488 211 529 rum
240 488 365 549 corpora
388 468 620 549 torquebantur,
661 463 902 527 extendebantur
935 465 1249 556 discerpebanturque.

142 552 212 613 vide
226 556 401 615 Gallonium
409 574 446 632 p·
464 556 517 617 ³3.

228 670 280 737 46.
324 674 395 731 citat
410 670 492 731 hunc
505 690 627 731 versum
650 692 720 730 cum
737 670 890 751 superiore
905 671 1016 733 Suidas
1029 675 1062 733 in
1075 697 1106 734 v.
1121 672 1251 757 ἔχειρος,

143 768 307 837 monetque
325 764 448 839 poetam
471 754 509 815 de
529 754 680 816 chosroae
701 756 877 817 crudelitate
900 777 1000 837 egere.
1042 763 1128 820 nulla
1148 775 1251 823 antem

143 846 272 901 occurrit
289 847 434 917 varietas,
461 844 521 901 nisi
537 840 619 923 quod
631 844 665 901 in
678 840 773 903 Suida
787 845 870 901 venit
883 842 1031 923 legendus
1043 850 1177 926 primns,
1198 851 1253 930 qui

142 930 178 985 in
192 926 295 987 Pisida
311 939 356 987 eat
370 925 531 987 secumdus.
575 948 733 1009 perperam
749 930 894 988 llusterus
914 950 970 1009 pro
996 933 1035 993 οὔ
1052 933 1142 1013 βαρεῖ
1161 954 1251 1014 repo-

142 1012 281 1071 nendum
303 1014 421 1092 putarit
443 1006 618 1093 σοβαρεύει,
649 1024 834 1093 repugnante
854 1033 977 1093 prorsus
992 1028 1089 1076 metro
1105 1028 1135 1094 et
1149 1040 1252 1078 sensu.

141 1118 203 1155 neo
224 1100 321 1175 magis
341 1098 547 1177 probaverim,
582 1096 664 1179 quod
687 1096 787 1157 eidem
809 1102 936 1159 llustero
955 1100 1133 1179 placuisset,
1163 1116 1198 1163 nt
1220 1108 1253 1163 in

141 1202 236 1242 versu
251 1184 398 1263 superiori
417 1202 471 1263 pro
496 1177 611 1269 ἑκάστῳ
633 1197 735 1245 contra
758 1182 896 1245 codicum
914 1183 1007 1244 fidem
1022 1188 1161 1267 legamus
1178 1182 1253 1253 iari-

139 1284 233 1331 στων.

230 1368 284 1431 61.
329 1362 490 1451 oadunare
502 1382 572 1431 sunt
585 1371 694 1431 limites
714 1392 750 1431 ao
763 1374 885 1431 nmini
898 1371 987 1432 stadii
1001 1374 1091 1434 fossis
1104 1377 1254 1457 vallisque

143 1466 242 1513 terrae
260 1453 428 1534 designati,
450 1460 529 1515 intra
545 1476 621 1537 quoa
643 1477 746 1517 cursus
761 1458 873 1516 fiebant
886 1460 923 1515 in
942 1460 1047 1532 Circo3
1076 1460 1157 1519 uude
1176 1461 1254 1526 illud

144 1537 289 1618 adagium
304 1538 382 1621 iulg
398 1538 436 1603 eol
452 1536 610 1621 σκάμματα
624 1544 736 1623 πηδᾶν.
779 1544 943 1602 maluimus
963 1544 1093 1603 aliorum
1112 1548 1253 1626 exemplo

145 1626 293 1683 Graecam
307 1645 413 1685 rocem
431 1630 559 1685 retinere
578 1646 670 1707 quam
684 1629 743 1686 alia
756 1631 818 1703 nti,
850 1646 928 1708 quaa
946 1630 1087 1688 vocabuli
1107 1633 1171 1690 rim
1190 1652 1253 1691 uon

146 1714 339 1789 exprimeret.
383 1711 503 1787 Pisida,
536 1723 569 1770 ut
589 1711 724 1787 ridetur,
751 1715 784 1771 in
803 1714 991 1792 amplissimo
1007 1712 1126 1775 theatro
1146 1715 1254 1775 mundi

147 1806 294 1855 certantes
308 1792 424 1855 inducit
436 1798 610 1855 Heraclium
625 1807 654 1855 et
671 1796 846 1873 chosroam,
869 1799 988 1857 coelum
1000 1808 1172 1881 terramque
1183 1822 1255 1881 spe-

147 1891 275 1941 ctatores
294 1882 385 1954 lacit,
415 1881 548 1943 iudicem
570 1893 601 1940 et
622 1882 766 1941 arbitrum
791 1882 884 1942 deum
902 1886 1071 1959 constituit,
1100 1890 1186 1945 cuius
1199 1888 1255 1946 be-

149 1968 295 2045 nignitate
314 1977 344 2027 et
357 1967 460 2027 farore
476 1968 591 2025 lactum
610 1979 655 2027 est
674 1980 708 2026 ut
725 1972 821 2027 nimia
836 1971 1005 2029 temeritate
1025 1990 1203 2049 procurrens
1224 1984 1256 2033 et

149 2055 292 2111 terminos
309 2052 479 2130 transgredi
492 2052 675 2111 contendens
692 2050 839 2111 chosroes
853 2056 885 2111 in
899 2050 1067 2133 σκάμματα,
1090 2059 1121 2113 in
1132 2057 1253 2134 focem,

147 2157 291 2217 praeceps
307 2142 467 2212 corruerit,
490 2149 520 2195 et
535 2141 626 2197 ceteri
642 2158 747 2197 omnes
763 2140 885 2212 salutis,
907 2149 938 2197 et
951 2141 1092 2198 rimofiae
1110 2161 1252 2199 coronam

150 2226 210 2282 sint
227 2220 340 2302 adepti.
382 2218 464 2283 hunc
486 2242 551 2283 esse
578 2242 701 2284 sensum
722 2224 918 2302 allegoricum
940 2226 1028 2283 nobis
1054 2229 1251 2305 propositum,

149 2318 269 2388 praeter
290 2327 326 2367 ea
347 2326 425 2387 quae
445 2317 630 2389 sequuntur,
660 2308 732 2369 iacit
751 2318 785 2366 ut
805 2306 962 2369 credamus
980 2310 1107 2369 uerbum
1121 2318 1253 2391 κροτεῖν,

150 2392 233 2473 quod
245 2403 422 2473 usurpatum
435 2412 555 2472 semper
567 2394 719 2451 invenitur
732 2390 771 2451 ad
784 2394 908 2472 plausus
921 2394 1152 2473 exprimendos,
1180 2400 1252 2477 qui·

149 2480 207 2539 bus
221 2481 347 2537 victores
362 2476 493 2537 athletae
507 2498 524 2535 a
539 2479 754 2557 spectatoribus
769 2479 1007 2559 excipiebantur.
1051 2482 1077 2539 si
1090 2492 1191 2540 antem
1205 2484 1251 2539 al-

150 2566 300 2642 legoriam
314 2562 464 2638 dimittas,
494 2561 543 2621 dei
557 2578 720 2623 scammata
733 2575 817 2621 erant
833 2562 934 2622 divina
949 2568 1073 2625 consiliu
1086 2577 1115 2624 et
1128 2567 1251 2641 iudicia,

152 2670 206 2709 seu
224 2650 300 2707 fines
322 2648 359 2707 ab
382 2669 417 2707 eo
433 2651 586 2708 constituti
600 2652 714 2709 ratione
729 2650 820 2727 plana
834 2648 953 2709 diversa
970 2670 1005 2708 ac
1018 2655 1143 2712 insanm
1159 2651 1256 2713 Chos-

152 2754 220 2793 roes
233 2754 336 2793 secum
351 2744 555 2813 reputaverat:
584 2735 744 2793 consilium
761 2736 845 2793 enim
861 2736 920 2801 fuit
933 2732 1084 2799 chosroae
1099 2747 1133 2795 ut
1149 2758 1253 2797 omnes

152 2822 281 2879 Romani
292 2822 440 2898 perirent,
467 2819 626 2877 eonsilium
640 2829 742 2877 autem
756 2817 807 2877 dei
820 2820 880 2877 fuit
892 2830 927 2878 ut
938 2841 1017 2879 nnus
1030 2824 1142 2899 periret
1156 2821 1254 2881 Chos-

152 2925 221 2964 roes
236 2914 266 2963 et
281 2924 386 2964 omnes
403 2913 593 2963 servarentur
611 2906 757 2979 Romani,
789 2899 856 2976 lude
870 2900 1018 2979 πεσόντος
1032 2905 1085 2968 aul
1103 2904 1255 2986 σεσωσμέ-

152 3013 215 3053 νων
228 2984 318 3055 ὅλων.

240 3093 292 3159 64.
335 3090 413 3151 ludit
429 3094 460 3149 in
476 3109 549 3150 voce
564 3083 734 3168 πλανήτας,
758 3109 837 3171 qnae
853 3085 1018 3165 auloedos,
1039 3110 1103 3151 mo
1119 3102 1150 3149 et
1162 3094 1196 3149 in
1208 3112 1256 3149 en-

154 3200 249 3239 norem
266 3180 398 3251 indum
430 3175 511 3235 unde
526 3179 600 3236 scite
621 3174 693 3234 dicit
711 3174 893 3250 chosroam,
921 3176 974 3256 qui
987 3186 1105 3235 tantum
1120 3180 1153 3235 in
1170 3180 1258 3237 astris

153 3266 259 3325 fideret
273 3276 307 3323 ut
321 3284 356 3322 ea
368 3284 422 3343 pro
435 3262 494 3322 diis
505 3260 639 3335 haberet,
661 3280 743 3319 nuno
761 3259 885 3319 demum
897 3263 1009 3319 sentire
1023 3281 1085 3321 non
1104 3282 1123 3320 a
1140 3273 1257 3343 septem

155 3350 248 3411 modo
259 3351 398 3427 planetis,
413 3368 490 3429 quoa
501 3368 567 3407 esse
578 3344 677 3405 sidera
692 3349 817 3405 erratica
828 3364 905 3424 ruga
921 3357 952 3405 et
963 3348 1097 3425 palentia
1112 3359 1258 3407 nouerant

156 3445 274 3495 veteres
287 3436 465 3507 astronomi,
494 3432 549 3493 sed
562 3436 654 3491 etiam
666 3433 703 3489 ab
716 3434 785 3491 aliis
797 3432 937 3491 omnibus
950 3434 1063 3508 stellis,
1091 3452 1167 3513 quas
1181 3434 1259 3492 fixas

156 3539 265 3579 vocare
279 3518 387 3597 solent,
408 3538 440 3576 se
454 3520 547 3577 luisse
562 3517 731 3597 deceptum.
775 3520 819 3577 sie
834 3520 927 3576 etiam
940 3519 1018 3577 salse
1031 3516 1137 3577 irridet
1148 3521 1258 3577 Persa-

156 3624 225 3665 rum
239 3604 417 3681 religionem
431 3613 460 3661 et
476 3606 648 3677 scientiam,
678 3622 755 3683 quea
768 3604 960 3681 potissimum
971 3606 1005 3661 in
1023 3622 1101 3661 vana
1119 3604 1259 3680 planeta·

157 3710 226 3749 rum
246 3690 452 3749 observatione
473 3692 583 3747 versari
601 3688 733 3764 solebat,
761 3708 831 3745 caim
846 3689 884 3746 ab
901 3706 1006 3747 eorum
1022 3688 1142 3747 influxu
1158 3690 1259 3745 omnis

156 3774 289 3857 pendere
302 3772 523 3832 arbitrarentur.

243 3880 294 3942 60.
338 3870 509 3953 dementata
520 3877 626 3956 Magos
640 3875 774 3955 appellat
786 3896 823 3935 eo
836 3873 919 3956 quod
934 3893 1070 3954 semper,
1091 3893 1127 3932 ao
1140 3873 1259 3952 praeci-

157 3983 219 4045 pue
232 3961 364 4020 Heraclii
377 3962 580 4041 temporibus,
613 3962 774 4040 aanologta
787 3960 945 4020 iudiciaria
961 3970 992 4017 et
1006 3953 1260 4039 ἆποτελεσματικῆ

158 4048 289 4109 facultas
301 4056 385 4105 tento
397 4048 430 4103 in
442 4042 555 4104 honore
575 4044 657 4126 apud
672 4066 724 4105 eos
737 4058 833 4123 esset,
859 4056 895 4104 ut
907 4064 977 4103 cum
989 4048 1091 4102 omnia
1105 4063 1147 4103 ex
1164 4047 1264 4123 magi-

160 4154 214 4195 cae
231 4132 408 4214 disciplinae
423 4133 538 4190 arcanis
551 4129 680 4211 petenda
696 4134 821 4190 consilia
839 4140 954 4204 esseut,
984 4141 1015 4188 et
1033 4126 1112 4187 nihil
1131 4129 1265 4188 faustum

161 4240 228 4280 esse
242 4238 332 4302 posse
347 4218 571 4277 existimaretur
582 4216 664 4298 quod
680 4218 717 4276 ab
735 4220 779 4277 eis
791 4238 853 4277 uon
866 4218 975 4275 tunso
988 4214 1154 4289 delinitum,
1175 4214 1265 4297 quid·

164 4304 241 4389 quid
253 4302 406 4385 agendum
420 4310 513 4378 esset,
545 4321 599 4382 per
616 4301 816 4365 divinationes
836 4312 867 4361 et
886 4302 1071 4363 somniorum
1088 4305 1266 4382 interpreta-
