3017 4817
274 292 346 371 144
536 242 746 379 Quaestus
771 289 818 361 tu
842 292 1116 362 mactums

271 461 342 521 vide
352 462 384 521 in
398 467 530 543 poemat.
543 459 634 521 huius
648 462 820 541 argumenti
832 481 862 519 v.
876 462 951 526 490.
993 462 1113 521 nullum
1125 461 1208 521 anim
1222 460 1310 520 alind
1323 462 1381 522 fuit

272 549 389 607 bellum
402 547 510 605 navale
521 548 600 606 iuter
610 548 786 607 Heraclium
796 557 826 605 et
831 545 997 606 thsroam
1009 557 1128 627 praeter
1139 545 1173 606 id
1189 546 1273 627 quod
1284 568 1378 628 prope

273 636 391 693 moenia
407 633 490 691 urbis
506 633 633 713 Gpcleos
649 644 750 693 actum
765 644 821 691 est.
865 652 935 691 cum
951 644 1053 691 autem
1067 630 1149 691 dicat
1163 638 1226 715 γῆν
1238 640 1379 713 sapard-

272 738 323 783 σαι
343 724 407 791 τοῖς
427 709 571 795 λόθροις,
606 716 641 775 id
661 716 896 797 intelligendum
917 715 954 776 de
978 714 1121 777 caedibus
1149 721 1378 779 immanissimis

273 802 526 877 Christianorum,
559 822 634 885 quas
651 806 684 862 in
699 813 761 863 tota
780 804 869 884 Syria
890 814 921 863 et
935 802 1060 863 Perside
1073 800 1222 864 chosroes
1237 808 1377 884 patravit.

273 887 342 949 vida
358 889 396 947 de
409 887 526 966 Exped.
544 892 565 952 2
588 892 659 953 108.

357 977 410 1037 30.
453 975 562 1032 clarius
577 992 669 1055 quam
685 994 775 1056 supra
787 971 951 1033 Chcsroam
965 983 1076 1055 aequat
1092 971 1276 1049 Nembrodo,
1293 974 1376 1033 cuius

272 1061 336 1119 vim
348 1060 479 1118 nominis
495 1078 563 1117 eam
582 1079 648 1118 esse
669 1058 773 1119 dictmt
793 1070 828 1119 ut
839 1057 1030 1118 idololatram
1046 1069 1211 1138 mum
1224 1070 1255 1117 et
1268 1062 1375 1139 gigan-

273 1157 335 1204 tem
351 1143 507 1225 significet.
545 1143 648 1203 Pisida
663 1146 823 1204 manifeste
839 1147 1010 1203 versionem
1020 1148 1063 1208 70
1085 1155 1205 1203 secutus
1226 1144 1265 1203 de
1280 1144 1374 1204 Chos-
1489 1137 1490 1142 ¹

273 1250 325 1289 roa
340 1227 411 1288 dicit
428 1233 593 1313 ysyovssdv.
615 1231 668 1289 ubi
687 1232 769 1289 enim
779 1232 907 1309 Vulgata
926 1230 1004 1288 Gen.
1024 1232 1064 1293 10
1078 1231 1099 1292 8
1115 1229 1191 1308 legit
1206 1232 1270 1307 ipsae
1282 1230 1376 1287 Nenc-

272 1316 331 1374 rcd
349 1316 444 1393 coepit
468 1334 529 1373 esse
546 1326 654 1393 polens
673 1318 707 1374 in
727 1327 828 1387 uera,
857 1318 1045 1395 septuaginta
1064 1316 1243 1393 interpretes
1263 1312 1374 1373 hahent

273 1392 363 1474 odrae
377 1396 490 1481 ἤρξατο
505 1394 583 1463 alvos
597 1402 684 1483 γίγας
696 1398 747 1465 tat
760 1404 816 1482 τῆς
828 1404 893 1485 γῆς.
914 1398 965 1458 hic
980 1402 1115 1459 aenedas
1130 1402 1239 1458 citatam
1249 1419 1268 1458 a
1280 1397 1374 1459 Suida

272 1488 304 1545 iu
321 1506 350 1545 v.
370 1490 405 1547 tt
425 1488 523 1547 αντιᾶ.
864 1530 867 1536 ,

357 1508 424 1635 tei.y
453 1546 533 1627 redte
544 1569 732 1630 Baltasarem
752 1590 857 1649 regem
875 1569 1041 1648 Babylonis
1058 1566 1119 1648 πρὸ
1138 1563 1265 1632 πάντων
1277 1572 1376 1629 verius

272 1667 303 1715 et
315 1656 424 1715 melius
439 1674 532 1735 quam
546 1665 658 1714 ceteros
671 1666 814 1734 tyrannos
828 1665 925 1714 terrae
938 1657 1091 1713 imitatum
1111 1676 1175 1715 esse
1192 1654 1267 1713 dicit
1281 1653 1375 1715 chos-

273 1758 376 1801 roam:
399 1749 433 1799 ut
455 1742 537 1797 enim
558 1740 611 1797 ille
629 1760 701 1800 vasa
721 1739 759 1798 de
772 1741 885 1819 templo
899 1740 1117 1798 Hierusalem
1131 1739 1377 1801 Nabuchodono-

272 1846 339 1885 sore
360 1834 509 1905 asportata
528 1824 607 1881 iuter
627 1823 849 1883 convivandum
869 1827 1070 1884 contaminare
1088 1844 1147 1883 non
1168 1826 1305 1899 erubuit,
1332 1828 1376 1883 ita

272 1909 419 1969 chosroes
439 1909 558 1987 lignum
578 1928 603 1967 s.
627 1912 740 1985 crucis,
772 1908 856 1992 quod
873 1912 911 1969 ab
933 1908 1042 1969 ecdem
1063 1910 1172 1988 templo
1187 1910 1322 1990 abripuit
1344 1922 1376 1968 et

272 2014 376 2055 mcum
391 2013 461 2053 cum
471 1992 589 2053 infinito
603 1998 790 2075 captivorum
801 2015 927 2056 numero
942 1994 1078 2072 abduxit,
1099 1996 1277 2075 profanavit.

356 2084 409 2145 82.
451 2073 488 2142 sol
510 2084 583 2143 θεῖα
613 2078 687 2163 quid
708 2082 875 2161 intelligat,
917 2079 987 2143 vide
1013 2080 1051 2140 do
1070 2080 1187 2161 Etpod
1212 2086 1235 2147 2
1258 2083 1318 2145 107
1347 2094 1376 2139 es

273 2188 354 2247 8‘ill-
1227 2214 1235 2238 ι

358 2254 410 2317 88.
454 2252 579 2312 Daniel.
601 2250 620 2315 5
641 2252 673 2317 6.

358 2338 411 2403 85.
454 2337 565 2398 fluidas
581 2336 673 2396 habet
687 2333 769 2395 huuc
782 2337 918 2396 iambum
932 2337 964 2396 iu
979 2358 1011 2397 v.
1026 2338 1147 2421 ψῆφος.
1190 2338 1301 2397 similis
1321 2357 1375 2396 au·

273 2434 335 2482 tem
348 2420 420 2481 huic
436 2434 481 2481 cst
494 2423 556 2487 385
570 2424 607 2480 dc
620 2422 703 2479 Bell.
719 2420 822 2481 Ahar.

358 2512 410 2571 36.
454 2507 537 2565 varia
552 2506 768 2585 suppliciorum
781 2526 909 2586 genera,
937 2506 1045 2586 quihus
1056 2504 1206 2567 chosroes
1220 2508 1252 2566 in
1263 2510 1374 2565 Roma-

272 2610 328 2650 nos
343 2592 468 2666 saeviit,
497 2610 694 2666 enumerans,
723 2594 824 2670 ipsum
845 2590 970 2673 quidem
984 2594 1163 2671 tymnnum,
1191 2590 1373 2652 Christianos

271 2685 373 2733 autem
386 2686 532 2755 martyres
550 2676 644 2735 fuisse
662 2674 812 2755 designat.

357 2764 409 2825 38.
453 2758 534 2819 hunc
556 2770 585 2819 et
597 2779 690 2841 prope
704 2772 882 2843 sequentem
896 2764 1047 2822 senarium
1058 2762 1162 2821 confer
1179 2783 1250 2821 cum
1267 2783 1297 2822 v.
1313 2761 1373 2827 487
1489 2737 1490 2770 1

271 2857 300 2904 et
314 2866 395 2927 seqq.
417 2846 454 2905 de
470 2844 552 2904 Bell.
569 2844 671 2904 Ahar.

355 2936 408 2995 40.
453 2951 522 2990 cum
536 2932 617 2990 enim
629 2932 730 2991 Siroes
742 2928 875 2992 Chosroa
889 2933 1021 2991 extincto
1035 2952 1140 3011 pacem
1153 2952 1222 2990 curn
1234 2934 1373 2991 Heraclio

271 3020 504 3097 composuisset,
535 3010 669 3092 πάντας,
697 3027 732 3075 ut
753 3015 846 3076 habet
865 3014 1070 3096 Theophanes
1087 3038 1123 3095 p.
1142 3022 1220 3091 272,
1248 3011 1323 3089 eoric
1339 3018 1376 3080 ir

270 3106 421 3183 φρουραῖς
445 3097 648 3183 Χριστιανούς
667 3100 719 3164 ascl
743 3098 817 3176 rosio
844 3100 878 3164 lv
901 3104 1029 3184 Περσίδι
1057 3099 1141 3187 πόσῃ
1166 3097 1376 3179 αἰχμαλὸτονς

270 3184 444 3267 trepidasses
463 3180 560 3271 crispi,
593 3182 652 3249 cclv
673 3190 717 3271 spi
737 3182 905 3267 πατριάρχη
930 3188 1078 3271 Ζαχαρίᾳ,
1109 3182 1168 3249 οὖν
1186 3191 1248 3259 τοῖς
1261 3189 1376 3265 τιμίοις

270 3270 322 3330 sul
337 3272 496 3345 ζωοποιοῖς
508 3266 608 3345 ξύλοις
620 3277 686 3347 τοῖς
699 3270 730 3347 ἐξ
742 3268 933 3353 Ἰερουσαλήμ
945 3277 1101 3351 ληφθεῖσι.

355 3356 407 3415 41.
451 3353 489 3412 de
506 3358 596 3415 variis
610 3367 828 3417 tormentorum
842 3358 1022 3435 generibus,
1044 3376 1122 3438 quae
1137 3352 1240 3413 Pisida
1258 3356 1374 3434 poetice

271 3434 422 3513 describit,
447 3437 646 3501 consulendus
660 3444 818 3501 Gallonius
832 3442 869 3500 de
883 3464 923 3501 sa.
941 3453 1107 3521 martyrum
1121 3444 1249 3499 auem.
1261 3462 1297 3518 p.
1320 3444 1374 3502 16:

270 3532 304 3579 ut
319 3534 463 3604 martyres
479 3528 560 3583 enim
575 3528 727 3587 Romanos
747 3530 877 3586 aPersis
896 3530 1005 3607 laqueo
1026 3545 1188 3605 suspensos
1207 3535 1238 3583 et
1254 3535 1374 3583 necatos

270 3604 388 3666 ridetur
401 3621 622 3689 repraesentare
635 3610 718 3671 idem
730 3620 830 3692 putta,
845 3616 898 3694 qui
910 3614 1016 3693 procul
1031 3610 1122 3671 dnbio
1133 3612 1167 3670 S.
1180 3614 1374 3669 Anastasium

268 3694 394 3751 Persam
419 3698 543 3776 eiusque
567 3700 757 3777 septuaginta
783 3700 880 3759 socios
902 3710 1050 3778 martyres
1073 3696 1111 3755 ob
1133 3698 1239 3755 oculos
1258 3694 1372 3769 habuit,

270 3774 343 3837 dum
357 3776 431 3838 haec
443 3782 602 3841 scribebat.

352 3865 406 3929 42.
450 3861 528 3925 hauc
551 3886 680 3946 poenam
704 3862 860 3947 quondam
882 3887 901 3926 a
921 3865 1052 3928 dominis
1071 3866 1169 3945 indigi
1183 3868 1373 3926 consuevisse

268 3950 376 4023 servis,
405 3953 490 4010 testis
511 3960 556 4009 est
576 3948 793 4030 Aristophanes
815 3954 905 4034 Βατρ.
924 3956 997 4018 688.
1039 3955 1084 4011 ibi
1099 3956 1183 4011 enim
1194 3953 1297 4011 varias
1311 3962 1373 4009 tor·

268 4044 439 4093 mentorum
451 4038 565 4113 species
579 4036 732 4114 eleganter
744 4047 910 4096 enumerat.
967 4048 999 4096 at
1012 4035 1116 4097 Pisida
1127 4055 1192 4096 una
1204 4056 1278 4095 cum
1291 4044 1373 4094 aceto

268 4116 428 4192 fuliginem
448 4139 503 4197 per
523 4140 610 4183 nares
632 4124 783 4199 ingestam
799 4142 816 4181 a
833 4124 933 4181 Persis
946 4121 1057 4199 tradit,
1085 4133 1120 4183 ut
1140 4126 1174 4180 in
1187 4120 1372 4181 Christianos

268 4204 366 4277 magis
380 4207 529 4263 saevitum
545 4225 610 4267 esse
627 4204 765 4265 ostendat
779 4224 872 4289 quam
886 4208 951 4266 lieri
965 4210 1076 4267 soleret
1088 4211 1122 4266 in
1132 4226 1248 4267 servos.

353 4284 404 4347 45.
449 4292 539 4366 rotis,
569 4290 715 4373 equuleo,
745 4290 874 4352 ucchcis
893 4294 1021 4376 aliisque
1036 4294 1243 4355 instrumentis
1260 4301 1376 4371 marty-
