3017 4817
428 310 683 383 DESCRIPTIO
703 312 739 381 S.
758 310 951 383 sorfflslt
1167 312 1240 387 145

127 473 264 558 duplicis
285 475 374 537 istius
393 494 534 538 mensus
546 477 688 538 meminit
700 478 795 538 etiam
807 476 1032 539 (innumerus
1046 480 1066 543 1
1088 476 1127 543 41
1150 491 1181 540 et
1199 500 1243 541 ex

128 582 169 621 eo
187 560 321 623 eodinus
336 560 375 621 de
388 563 475 623 offic.
488 584 515 622 c.
530 568 586 641 17,
609 582 739 645 quorum
759 564 889 625 alterum
909 566 1014 625 statuit
1030 567 1241 645 respicientem

129 658 236 727 portas
258 646 389 729 ύραλας,
415 650 544 707 alterum
565 648 675 713 σολέαν
692 659 724 709 et
740 646 845 709 hema:
874 650 1043 730 κατέρχεται
1065 648 1083 714 ὁ
1101 648 1242 730 βασιλεύς

129 736 189 795 τοῦ
204 730 364 813 ἄμβωνας,
387 727 445 797 osis
459 734 493 797 irs
505 738 563 798 τού
576 734 686 815 μέρους
697 732 802 816 μέντοι
813 726 909 819 oristeo
923 729 1055 816 οἷνῆλθε,
1074 732 1173 817 ἤγουν
1184 742 1241 801 τοῦ

129 812 207 899 πρὸς
222 813 278 892 τὰς
294 816 408 900 desire
425 813 687 920 sitae-boren,
709 811 777 883 ἄλλ’
792 819 826 884 bs
839 824 896 883 τοῦ
910 818 1083 901 ἑτέρουτοῦ
1096 816 1173 901 πρός
1186 818 1241 887 τᾶν

130 901 249 966 solies
265 903 318 967 καλ
333 901 367 967 τύ
386 898 475 988 ἅγιον
492 906 588 985 βημα.
631 924 774 966 ascensus
795 904 836 965 ad
855 907 1003 965 orientem
1018 909 1159 965 meminit
1174 910 1240 970 Leo

129 990 356 1048 Grammaticus
368 1010 401 1069 p.
414 988 493 1054 4662
516 990 660 1071 τλσῆλθεν
677 988 764 1072 μέχρι
781 994 844 1054 τοῖν
863 989 958 1075 syrois
971 994 1100 1073 θυρῶν,
1120 990 1172 1055 καλ
1185 987 1240 1057 αἶν-

128 1074 306 1154 campreste
333 1071 427 1155 ύνλβη
451 1080 532 1153 τριῖς
555 1069 699 1157 βαθμούς
720 1079 778 1139 τού
800 1074 943 1157 ἄμβωνας
962 1074 1147 1158 ἐστεμμένος.
1198 1096 1241 1139 ex

128 1160 244 1239 quibus
252 1159 407 1220 οοιιλὶοίτιιτ
412 1172 566 1239 praeterea
574 1162 734 1221 ambonem
749 1163 901 1222 exstitisse
914 1165 994 1220 inter
1005 1161 1118 1243 ολραλας
1130 1156 1239 1240 πύλας,

128 1260 188 1323 per
206 1264 282 1325 quas
298 1264 388 1305 snao
404 1266 459 1305 ssu
476 1244 566 1305 choro
582 1248 614 1305 in
630 1266 780 1327 pronaum
795 1258 827 1307 et
839 1244 1016 1307 narthecem
1034 1250 1134 1307 exitus
1150 1259 1239 1327 pate·

128 1330 200 1404 bat,
222 1340 254 1388 et
271 1332 403 1405 soleam,
424 1348 502 1411 quae
518 1340 603 1390 extra
619 1332 708 1390 bema
722 1342 802 1407 erat,
823 1333 870 1392 uti
887 1331 1105 1407 indicavimus3
1128 1333 1240 1414 quibus

130 1417 326 1475 consentiunt
341 1419 500 1495 scriptores
514 1414 552 1475 da
566 1414 641 1475 aede
658 1414 832 1497 Sopbiaaa,
855 1414 929 1477 dum
943 1420 1027 1477 aiunt
1039 1420 1240 1479 lastinianum

130 1500 269 1559 confecto
283 1502 397 1581 templo
411 1500 488 1559 illud
501 1503 681 1581 ingressum,
697 1513 727 1562 et
740 1522 758 1561 a
771 1503 874 1582 Regiis
886 1504 981 1583 portis
993 1523 1048 1563 seu
1059 1506 1239 1584 βασιλικαῖς,

127 1602 212 1665 quae
236 1584 362 1645 eaedem
383 1596 452 1645 sunt
475 1606 544 1645 cum
563 1588 728 1666 speciosis,
750 1586 792 1647 ad
812 1588 973 1647 ambonem
986 1591 1183 1667 processisse,
1207 1600 1239 1649 et

126 1671 166 1727 in
180 1667 256 1729 haec
266 1672 358 1730 verba
373 1673 574 1747 exclamasse,
595 1666 741 1751 νινλκηκύ
758 1690 791 1735 σι
805 1669 964 1753 Σολομύν.
1005 1676 1049 1732 ita
1058 1692 1148 1754 porro
1163 1693 1239 1733 eon-

124 1754 205 1813 fecti
227 1766 311 1815 erant
329 1758 395 1815 bini
416 1758 644 1833 innascituras,
665 1767 700 1816 ut
718 1758 777 1817 sibi
794 1759 925 1817 invicem
946 1754 1066 1819 adversi
1087 1760 1122 1817 in
1141 1778 1239 1819 unum

124 1841 261 1919 coirent,
290 1852 320 1901 et
349 1842 452 1903 locum
477 1851 604 1902 teretem
627 1862 682 1903 seu
712 1844 859 1903 circulum
887 1844 1049 1905 efficerent.
1091 1844 1237 1909 Silentia·

123 1943 216 1985 raus:

202 2074 208 2085 ‚
296 2008 356 2073 ιλσλ
388 2005 427 2093 cip
443 2004 616 2093 ἀλλήλοισιν
632 2010 782 2091 ἐναντίαι,
804 2004 974 2094 ύμφύτεραι
992 2008 1027 2076 λλ

297 2094 341 2169 εἰς
358 2037 411 2159 {ba
425 2102 524 2177 χοῖρον
540 2092 666 2177 ἄγουσιν
681 2097 750 2160 ἴσον
765 2092 905 2179 περιήγτΐ
915 2090 1027 2180 κύκλῳ.

122 2178 217 2243 unde
236 2179 336 2259 colligi
351 2178 470 2240 videtur
490 2182 651 2240 ambonem
666 2180 768 2240 media
789 2182 822 2239 in
843 2180 918 2241 aede
938 2183 1104 2256 exstitisse,
1126 2200 1237 2263 neque,

121 2276 168 2327 ut
188 2264 279 2324 hodie
299 2267 414 2325 maiora
437 2268 630 2326 ecclesiarum
646 2268 780 2346 pulpita,
803 2275 961 2347 utramque
979 2269 1074 2347 pilam
1091 2269 1237 2345 attigisse.

121 2362 226 2433 atque
247 2348 281 2409 id
302 2353 412 2410 evincit
431 2372 494 2411 vox
514 2346 645 2433 πύργος,
671 2370 731 2433 quo
752 2351 842 2410 ambo
864 2350 1030 2411 donatura
1052 2352 1236 2429 silentiario,
1353 2416 1358 2425 ,

123 2456 212 2519 quae
231 2456 301 2495 oum
318 2439 444 2495 minime
465 2438 590 2517 pulpitIs
613 2434 767 2495 hodiernis
784 2439 957 2511 conveniat,
979 2436 1098 2497 videtur
1110 2437 1164 2497 ille
1176 2458 1237 2517 po-

123 2526 192 2582 tius
204 2518 346 2581 habuisse
358 2521 434 2602 quid
446 2522 544 2581 simile
558 2540 625 2581 curn
637 2523 675 2581 iis
689 2518 839 2580 cathedris
854 2524 1083 2596 excelsioribus,
1109 2542 1150 2581 ex
1163 2524 1236 2603 qui-

122 2610 187 2669 bus
206 2610 428 2667 concionatores
448 2610 616 2666 orationem
636 2604 749 2665 habent
767 2604 807 2663 ad
826 2610 993 2685 populum,
1016 2626 1093 2688 quae
1111 2610 1145 2666 in
1162 2611 1235 2689 qui-

120 2691 260 2761 busdam
279 2693 412 2751 ecclesiis
427 2690 484 2749 hac
498 2694 589 2749 etiarn
603 2692 636 2749 in
650 2702 735 2770 parte
750 2702 931 2752 statuuntur.
973 2691 1100 2772 proinde
1119 2695 1235 2753 exstitit

122 2779 220 2837 umbo
234 2788 305 2836 aute
319 2788 437 2856 portam
451 2796 567 2835 sacram
580 2779 741 2851 maiorem,
766 2779 824 2835 etsi
840 2777 877 2834 ab
894 2796 930 2835 es
945 2778 1099 2857 aliquanto
1113 2778 1235 2855 longius

123 2863 273 2936 distaret,
296 2860 379 2943 quod
398 2860 515 2921 disertis
536 2863 634 2920 verbis
655 2860 787 2920 declarat
806 2862 973 2921 Germanus
989 2862 1158 2942 patriarcha
1173 2864 1233 2937 cP,

123 2948 264 3009 scribens
280 2944 332 3011 τόν
345 2943 474 3028 ύμβωνα
486 2942 546 3028 ττρύ
558 2951 612 3027 τῆς
624 2945 725 3027 θύρας
736 2950 792 3009 τοῦ
805 2942 942 3026 βήματος
955 2948 1108 3011 ἵστασθαι.
1150 2953 1234 3005 tanta

121 3052 218 3114 porro
235 3033 384 3111 elegantia
397 3052 432 3091 ac
443 3042 506 3090 tam
524 3036 671 3091 immenso
688 3041 812 3110 sumptu
826 3032 987 3091 ambonem
998 3035 1096 3111 primo
1115 3035 1233 3090 excita-

122 3130 173 3179 rat
192 3120 392 3191 lastinianus,
413 3127 447 3175 ut
466 3128 564 3177 toturn
585 3136 645 3175 una
658 3137 728 3175 cum
740 3106 823 3177 soles
835 3136 876 3175 ex
887 3114 1027 3196 onychite
1041 3116 1144 3196 lapide
1158 3137 1233 3176 con-

121 3206 249 3277 fecerit,
271 3212 306 3261 ut
324 3223 365 3261 ex
386 3200 521 3275 Cedreuo
538 3201 748 3261 iudicavimus.
792 3200 907 3260 addunt
927 3204 1086 3280 scriptores
1105 3200 1143 3261 de
1156 3201 1233 3261 aede

122 3287 283 3369 Sophiana
301 3286 430 3367 saphiris
451 3288 590 3367 crystallo
614 3298 643 3347 et
664 3288 777 3367 lapillis
794 3287 862 3345 aliis
875 3289 1119 3367 pretiosioribus,
1140 3298 1232 3368 atque

122 3374 206 3433 adeo
232 3375 381 3432 columnis
402 3376 514 3449 aureIs,
537 3372 698 3443 ambonem
715 3371 892 3445 adornasse,
914 3374 991 3453 etin
1003 3383 1146 3455 utroque,
1163 3393 1231 3432 arn-

121 3460 209 3519 bone
225 3460 340 3517 scilicet
355 3469 385 3517 et
398 3460 499 3533 solea,
523 3457 563 3516 ad
586 3458 686 3517 milies
708 3468 849 3517 centenas
863 3458 956 3516 libras
968 3457 1153 3537 impendisse
1166 3460 1232 3518 eius

120 3546 233 3605 tributi
254 3542 338 3624 quod
358 3546 433 3603 olim
454 3546 666 3603 Constantinus
686 3544 728 3602 Μ.
751 3543 880 3603 Sarbaro
895 3545 1055 3601 Persarum
1072 3546 1136 3622 regi
1149 3542 1233 3602 indi-

119 3638 233 3691 xerat:
261 3632 305 3687 ita
323 3639 476 3709 nugantur
495 3631 602 3708 nuperi
621 3630 738 3687 Graeci.
781 3639 813 3686 at
835 3648 904 3687 cum
928 3629 1017 3687 ambo
1038 3631 1110 3701 iste,
1140 3646 1233 3707 quem

119 3710 304 3794 πολύολβον
328 3724 359 3772 et
381 3708 638 3795 κολυθαύμαστον
658 3714 752 3773 fuisse
771 3714 905 3772 scribunt
923 3714 1034 3794 Glycas
1045 3723 1075 3771 et
1088 3711 1232 3787 Godinus,

120 3820 200 3861 casu
222 3796 454 3878 hemisphaerii,
477 3802 530 3881 qui
554 3819 581 3857 a.
597 3802 639 3862 32
660 3800 819 3857 Iustiniani
838 3796 972 3871 accidit,
984 3812 1047 3857 una
1063 3817 1132 3857 cum
1147 3798 1245 3856 solea-

119 3887 274 3947 conuitus
293 3885 415 3960 innuet,
444 3886 538 3943 alium
559 3904 677 3943 rursum
701 3886 843 3943 excitavit
864 3886 1062 3956 lastinianus,
1091 3880 1147 3942 sed
1166 3882 1232 3941 ele-

119 3973 232 4051 gantia
250 3968 406 4029 sedecore
420 3972 510 4049 longe
526 3970 620 4049 priori
635 3972 799 4048 imparem,
820 3972 847 4028 si
866 3988 926 4051 qua
938 3967 1013 4027 fides
1029 3964 1140 4031 iisdem
1154 3969 1231 4035 scri-

116 4055 281 4139 ptoribus:
301 4050 356 4118 τόν
380 4052 413 4119 λλ
432 4052 565 4136 ipsura
580 4052 631 4117 καλ
654 4052 708 4118 τόν
730 4054 837 4118 σολλαν
858 4050 900 4134 μή
922 4050 1088 4131 δυνάμενοι
1103 4056 1233 4135 ποιῆσαι

115 4144 270 4206 τοιοῦτον
289 4140 474 4217 κολνέξοὸον
496 4138 549 4203 καλ
570 4135 754 4220 πολύτιμον,
775 4138 923 4219 λιτολησαν
944 4131 1036 4200 αύτὸν
1061 4133 1232 4220 ου’δαμινδν

116 4222 178 4292 διαὶ
202 4229 303 4290 stom
326 4223 379 4287 καλ
398 4220 513 4290 κιόνων
535 4219 766 4307 α’ργνρινλύτων
788 4220 861 4304 μεταλ
885 4225 1057 4329 κεριρερῶν
1079 4218 1230 4307 ύργυριῖν,
1302 4245 1305 4249 ’

115 4306 201 4397 μετὰ
224 4314 281 4388 τῆς
302 4309 425 4389 roure·
446 4314 575 4398 τροῦλον
594 4308 628 4375 ὄλ
647 4313 706 4375 rosi
722 4307 866 4395 ἄμβωνας
879 4303 1081 4459 νύκνμῖλόησι
1092 4313 1230 4392 ποιῆσαι,
1246 4313 1270 4369 P
1285 4314 1339 4373 69⁰
