3017 4817
433 280 489 348 AD
513 275 795 348 NICEPHORUM
816 267 969 346 NOTAE.
1180 276 1253 347 125

242 467 273 527 p·
293 443 335 511 48
356 465 387 504 ν.
410 442 441 508 6.
484 442 518 508 έν
533 445 576 528 τῷ
595 438 769 525 καλουμένῳ
789 441 943 527 κυνηγίῳ]
973 441 1127 502 Miscellae
1150 453 1254 504 auctor

151 530 177 589 l.
194 535 237 596 20
252 533 401 591 vivarium
418 531 607 588 animantum
619 531 829 607 interpretatus
845 538 900 586 est.
922 527 1005 586 locus
1016 529 1070 587 ubi
1084 529 1255 589 catabulum

152 627 224 674 erat
239 627 269 674 et
285 618 416 675 ferarum
433 616 580 674 clausura.
623 612 693 672 vida
709 611 858 671 Codinmn
874 616 907 670 in
922 614 1019 691 Cpoli.

241 721 274 780 p·
288 701 329 764 53
343 721 373 760 ν.
389 699 420 763 5·
447 695 523 762 κοινοί
536 695 590 761 cdv
603 695 760 802 Δαματρδ]
782 700 935 757 Constant.
951 701 1082 756 Manen.
1097 696 1256 762 tom-3.

241 805 273 865 P·
288 785 330 849 54
340 805 370 844 v.
382 789 413 848 3.
443 789 553 848 τοῦτον
567 784 609 856 είς
623 807 681 863 την
694 781 896 863 καλουμένην]
917 779 1122 862 Theophanes
1137 781 1181 861 (p.
1191 781 1256 844 318
1331 803 1334 809 ·

152 867 215 948 C)=
237 867 289 931 καί
305 864 446 949 λαβόντες
459 867 510 932 cdv
523 869 618 930 παῖδα
630 867 680 931 tat
698 864 733 932 τδ
752 863 818 929 ἅνω
835 872 899 930 τοῖν
912 871 1085 946 καλλινίκης
1099 890 1258 946 παραπορ·

150 956 230 1037 τίῳ,
263 954 315 1012 ubi
331 957 399 1012 tort.
413 955 473 1032 leg.
489 957 687 1016 Καλλινίκου.
730 954 868 1012 Callinici
882 952 1022 1012 videntur
1036 973 1100 1010 esse
1113 951 1156 1017 40
1171 971 1257 1008 mar-

151 1049 250 1118 tyres,
272 1058 399 1118 quorum
413 1042 445 1097 in
459 1038 604 1098 honorem
617 1039 758 1098 Tiberius
769 1040 907 1098 Maurioii
920 1059 1005 1098 socer
1018 1039 1166 1117 templum
1182 1057 1258 1095 con-

153 1121 246 1180 didit.
278 1125 489 1183 Constantinus
504 1126 655 1183 Manasses
668 1121 762 1186 8485.
794 1123 849 1182 sed
863 1135 893 1182 et
906 1125 939 1182 S.
955 1124 1094 1181 Callinici
1107 1123 1256 1201 templum
1282 1186 1284 1191 ¹

153 1207 246 1286 Cpoli
264 1208 338 1282 fuit,
376 1207 457 1288 quod
479 1229 507 1266 ο.
529 1211 688 1267 Iustiniani
710 1210 750 1269 31
773 1217 954 1266 terraemotu
977 1210 1103 1280 corruit,
1135 1218 1256 1264 auctore

152 1290 357 1370 Theophane.
401 1289 481 1373 quod
504 1292 542 1351 ad
562 1291 604 1356 40
621 1302 768 1369 martyres
790 1295 912 1367 attinet,
936 1291 1140 1350 emendandus
1160 1293 1256 1351 obiter

152 1377 672 1456 insiguislocusl.1Geoponicon,
703 1375 754 1432 ubi
773 1372 882 1434 horum
900 1386 1067 1456 martyrum
1082 1381 1195 1434 mentio
1210 1377 1253 1450 fit,

153 1465 211 1542 qiri
224 1465 257 1518 in
268 1463 397 1540 vulgatis
414 1461 564 1520 codicibus
578 1460 741 1520 mendosus
756 1471 812 1520 eat.
855 1454 978 1524 κοίκοῖνο
994 1459 1037 1536 δέ,
1058 1463 1157 1540 inquit
1171 1481 1195 1518 c.
1215 1459 1254 1519 de

152 1549 359 1624 Prognosticis
376 1567 409 1626 p.
425 1548 462 1622 9,
492 1546 524 1608 ἐκ
544 1539 780 1628 παρατηρήσευίς
801 1545 881 1620 τινές
901 1565 995 1624 φασιν
1002 1588 1013 1619 ,
1046 1541 1093 1608 ὅτι
1114 1539 1175 1606 aiud
1198 1549 1254 1624 τῆς

154 1627 290 1712 ἑβδόμης
309 1636 366 1694 τοῦ
382 1632 525 1712 Μαρτίου
547 1628 642 1711 μηνδς
660 1631 715 1704 ἔοις
728 1634 784 1710 τῆς
798 1624 835 1692 κδ’
852 1625 945 1693 adecti
963 1626 1057 1710 μηυδς
1072 1629 1182 1692 είοοθεν
1202 1629 1254 1692 tut

152 1712 193 1778 τδ
207 1712 394 1796 ψυχρότερον
406 1715 569 1798 τρέπεσθαι
585 1715 603 1779 δ
617 1709 693 1795 δήρ·
715 1708 784 1777 κατ’
799 1716 915 1789 έκείνας
925 1711 983 1797 γδρ
1003 1712 1059 1788 τοίς
1071 1711 1186 1795 ἡμέρας
1201 1711 1254 1775 καί

154 1800 191 1864 οἱ
205 1795 309 1882 μύριοι
321 1797 468 1884 μάρτυρες
479 1807 543 1874 τοῖς
563 1807 710 1882 παγανοῖς
721 1800 948 1881 παραδοθέντες
964 1797 1115 1879 ἤθληοαν.
1159 1802 1253 1857 corri-

155 1884 291 1965 gendum
304 1905 386 1962 vero,
400 1897 434 1944 ut
447 1889 478 1944 in
492 1885 607 1945 dnobus
619 1905 666 1945 ms
679 1883 878 1945 bibliothecae
890 1887 1042 1944 Illustriss.
1056 1882 1143 1942 Card.
1152 1887 1254 1942 Ioieu-

154 1991 210 2030 sae
229 1973 364 2050 repperi,
388 1967 421 2034 οί
431 1967 647 2052 conscotinum
664 1966 810 2053 μαρτυρες
827 1977 890 2042 τοῖς
908 1965 1019 2050 πάγοις
1030 1967 1255 2050 παραδοθέντες

151 2051 375 2137 ἐμαρτύρησαν.
417 2075 488 2114 nam
506 2075 575 2115 cmn
594 2081 625 2137 p,
646 2053 706 2114 hcc
720 2066 766 2114 eat
778 2054 829 2132 40,
850 2058 995 2135 scriptum
1006 2065 1093 2129 amet,
1115 2055 1254 2114 librarius

154 2142 285 2222 μυρίους
299 2160 363 2200 esse
378 2139 512 2198 credidit.

242 2223 284 2282 ib·
308 2245 339 2283 v·
360 2230 411 2289 10.
452 2222 525 2299 τοδς
538 2223 570 2287 δέ
583 2223 617 2288 έν
628 2229 669 2312 τῇ
683 2223 772 2312 ἕκτη]
795 2243 873 2283 anno
887 2226 984 2304 prImo
997 2215 1254 2303 Philippid'lsar-

155 2307 245 2368 danis
272 2308 536 2392 pseudosynodum
562 2308 640 2369 hanc
662 2321 795 2369 coactam
815 2310 918 2370 scribit
937 2306 1158 2390 Theophanes,
1190 2329 1253 2368 non

155 2413 237 2453 anno
252 2394 393 2469 secundo,
415 2407 450 2454 ut
464 2398 553 2474 vulgo
569 2392 798 2476 chronographi.

243 2479 284 2539 ἰδ.
306 2500 335 2538 v.
360 2485 409 2544 18.
454 2478 609 2560 Γερμανδυ
620 2476 671 2543 τδν
686 2479 837 2560 Κυζίκου]
858 2481 971 2540 falsum
983 2481 1106 2541 omnino
1123 2481 1251 2538 sanctis-
1268 2487 1291 2541 P
1309 2489 1344 2542 80

154 2565 270 2624 simum
284 2568 381 2624 virum
397 2567 579 2624 Germanum
596 2567 697 2646 Cyzici
717 2569 892 2646 episcopum
907 2565 978 2624 huic
994 2563 1110 2645 synodo
1123 2565 1257 2623 subscri-

153 2651 268 2729 psisse,
298 2654 353 2710 etsi
367 2649 450 2710 idem
468 2651 548 2730 apud
562 2649 783 2731 Theophanem
796 2653 907 2730 legitur
922 2651 967 2731 (p.
981 2655 1045 2717 320
1059 2649 1111 2729 Β).
1153 2653 1253 2708 verius

155 2737 299 2794 existimo
323 2737 505 2794 Gennanutn
528 2740 628 2815 ipsum
652 2736 723 2796 sede
746 2756 802 2796 sua
816 2738 959 2815 spuicam,
988 2745 1024 2796 nt
1045 2754 1115 2793 cnm
1135 2735 1212 2814 Cyro
1234 2753 1254 2791 a

153 2815 346 2918 Theophane
373 2824 546 2880 coniunctus
574 2825 631 2897 sit;
668 2821 722 2880 sed
742 2816 955 2885 οίνακδλουθον
976 2824 1010 2879 in
1030 2823 1163 2879 oratioue
1181 2829 1254 2876 tunc

154 2913 225 2962 0¹¹1·
241 3008 272 3067 p·
288 2987 328 3054 65
343 3008 372 3047 v·
387 2992 418 3052 2.
463 2986 640 3062 Φιλιππικδς
655 2985 688 3050 δὲ
705 2987 876 3070 γενέθλιον]
898 2988 1028 3048 difficilis
1043 2985 1207 3052 admodum
1223 2999 1254 3046 et

154 3073 372 3132 inextricabilis
386 3071 461 3131 haec
474 3077 616 3154 temporis
629 3084 710 3149 nota,
733 3093 826 3154 quam
839 3074 879 3132 ad
894 3095 989 3132 unum
1003 3072 1138 3133 historici
1149 3092 1252 3134 omnes

156 3158 300 3216 referunt.
343 3156 547 3238 Theophanes
563 3161 595 3217 in
612 3179 690 3218 anno
711 3163 732 3222 2
751 3159 915 3238 Philippici
935 3156 1167 3239 (p.3201ma):
1189 3160 1253 3222 διε-

157 3245 230 3316 τοῦς
249 3238 356 3322 χρόνον
374 3249 430 3323 τῆς
450 3246 602 3326 βασιλείας
618 3246 806 3306 Φιλιππικοῦ
818 3245 852 3306 ἒν
864 3240 983 3316 τούτοις
997 3241 1252 3324 παραδραμόντος,

157 3325 211 3473 appel
226 3331 282 3390 τοῦ
288 3331 455 3432 αγὲνεθλίρυ
471 3329 700 3434 ἐπιτελουμένου
713 3330 852 3433 ἱππικοῦ,
875 3331 1039 3429 Πρασίνονν
1053 3325 1253 3433 renunciatus.

159 3411 302 3577 ιρζῗδί
317 3413 1185 3580 ῗῗέἐίίέιῖῳιὶῗβίῖλίιέίὲἴ.ιῖ”ίέί]ἷ..’ίέ.ί“ί..ἶζίί
1198 3413 1256 3561 ἷῖί

160 3581 333 3656 Ζουξίππου
349 3593 405 3639 etc.
449 3588 597 3663 seqnitur:
620 3589 658 3668 τῇ
672 3581 704 3645 δέ
724 3580 886 3666 ἐπαύριον,
906 3583 1004 3666 ἤγουν
1021 3587 1061 3667 τῇ
1078 3577 1121 3658 ν’,
1143 3600 1256 3666 σωρευ-

158 3665 268 3740 θέντος
290 3667 345 3728 δοῦ
366 3671 444 3728 λαοῦ
466 3669 509 3742 είς
528 3666 584 3747 τήν
605 3664 736 3750 μεγάλην
758 3668 916 3750 ἐκκλησίαν
939 3667 1073 3746 έστέφθη
1093 3661 1255 3747 Ἀρτέμιος.

160 3769 231 3828 ergo
251 3751 374 3810 sabbato
397 3763 582 3831 pentecostes
605 3753 761 3833 γενέθλιον
779 3759 833 3833 τῆς
852 3750 980 3828 πόλεως,
1002 3752 1084 3833 quod
1097 3757 1255 3833 perspicue

158 3834 344 3916 Nicephorns
362 3835 463 3895 tradit.
505 3841 537 3897 in
558 3839 727 3916 menologio
741 3841 923 3899 Graecorum
938 3837 978 3896 ad
996 3843 1032 3900 11
1052 3840 1125 3896 Maii
1135 3849 1256 3897 notatur

159 3915 193 3982 τδ
211 3921 368 4000 γενέθλιον
381 3925 435 3998 τῆς
454 3918 807 3997 Κωνσταντινουπὸλεως.
850 3935 967 4004 oportet
985 3924 1078 4001 igitur
1096 3922 1155 3984 hoc
1175 3943 1255 3982 anno

158 4016 350 4082 pentecosten
365 4009 395 4063 in
409 4010 481 4065 Maii
494 4013 534 4072 12
544 4009 696 4068 incidisse.
739 4029 835 4069 annus
848 4029 867 4067 a
879 4013 1035 4069 Fastorum
1050 4008 1253 4068 conditoribus

159 4087 269 4150 Christi
283 4093 344 4154 713
357 4096 511 4168 stertitur,
533 4095 598 4154 Iud.
614 4099 663 4168 11,
687 4097 770 4174 cyclo
782 4097 874 4154 lunae
888 4098 938 4170 11,
961 4094 1045 4174 cyclo
1061 4095 1134 4153 solis
1151 4093 1255 4173 Cpoli·

159 4184 229 4234 tano
247 4180 286 4241 17
296 4195 304 4250 3
333 4187 454 4257 epactae
467 4181 539 4239 solis
554 4175 591 4258 6,
622 4181 694 4240 luna
715 4179 770 4254 14,
791 4181 904 4258 Aprilis
921 4181 978 4255 15,
1001 4197 1164 4260 quaecum
1180 4199 1255 4237 con-

160 4262 345 4322 currentibus
375 4262 427 4322 dat
454 4264 561 4328 feriam
586 4271 616 4332 7.
659 4263 728 4326 ideo
753 4264 898 4346 postridie
919 4268 960 4329 16
984 4263 1120 4326 eiusdem
1139 4267 1253 4325 mensis
