3017 4817
583 261 843 379 *emmeno
873 247 877 253 “
1252 296 1276 344 v

174 427 204 501 sd
233 436 377 519 βοοιίεῦ,
411 433 606 519 μείομβοιφίς
627 438 749 504 πίδιίον
770 436 880 516 ewice
898 434 981 503 sadda
1001 435 1120 522 βοὶψοιιρ
1138 437 1274 525 ἰροθρίν

173 542 336 621 Περσικῶν
356 538 388 615 ἐξ
410 533 555 619 cipitur.
599 560 640 601 ex
660 542 770 623 quibus
793 544 927 623 quinque
939 540 1049 602 iambis
1066 541 1140 602 duos
1152 553 1271 603 tentum

173 660 262 701 enum
283 638 323 699 ad
342 641 500 720 ingenium
514 640 667 701 effinxisse
682 642 853 703 cedrenum
864 644 956 723 plane
973 640 1104 703 ducebar
1116 642 1157 703 ad
1168 647 1270 724 suspi-

174 740 316 801 candum.
358 762 464 801 verum
484 763 553 802 cum
574 744 761 803 celeberrimi
786 745 848 803 sint
867 754 898 803 et
918 746 1054 805 omnium
1071 747 1270 804 recentiorum

172 844 355 903 Graecorum
377 864 427 909 ore
450 827 566 925 vulgati
586 846 632 904 illi
656 843 715 904 duo
734 845 860 921 senarii,
880 854 1034 925 praeterea
1046 847 1138 904 etiam
1152 847 1185 904 in
1200 844 1269 906 cod.

172 946 316 1006 Vaticano
332 947 415 1009 1126
433 948 512 1006 etin
531 948 598 1007 eliis
615 945 767 1008 codicibus
785 948 911 1006 seorsim
923 947 1026 1025 scripti
1039 966 1076 1006 ae
1086 950 1203 1029 repetiti
1217 948 1267 1009 le-
1282 967 1310 1023 p.
1326 946 1379 1006 vn

170 1056 297 1127 gannit,
326 1044 410 1129 quod
430 1068 472 1107 ex
490 1051 600 1109 nostrie
629 1046 869 1107 adnotationibus
889 1051 923 1107 in
940 1049 1126 1129 bagmam
1146 1048 1269 1110 Pisidae

170 1167 202 1208 v.
218 1150 260 1213 20
284 1146 423 1227 adparet,
444 1159 480 1208 ut
497 1149 598 1209 fictam
618 1151 765 1210 fabellam
786 1148 866 1210 benc
886 1148 925 1209 de
943 1151 1073 1230 Georgio
1086 1160 1118 1209 et
1129 1152 1269 1211 lleraclic

169 1252 426 1311 narratiunculam
431 1271 561 1332 promus
573 1254 695 1313 reiicere
709 1272 772 1312 non
783 1249 942 1311 audebam.
971 1253 1166 1332 nequeenim
1175 1253 1267 1331 igno-

170 1353 274 1411 rabam
291 1372 382 1413 utum
401 1356 434 1412 in
453 1356 522 1415 aule
540 1356 708 1435 Byzantina
730 1353 884 1436 quondam
904 1355 1083 1429 invaluisse,
1104 1364 1140 1414 nt
1158 1360 1266 1435 pottae

169 1473 241 1514 suas
263 1456 500 1518 elucubrationes
521 1476 620 1517 coram
638 1458 712 1537 ipsis
725 1457 847 1536 regibus
863 1466 894 1515 et
907 1452 1083 1537 patriarchis
1097 1457 1266 1531 recitarent,

171 1576 283 1637 easque
297 1550 469 1641 decorione,
490 1560 724 1619 msecultotrbnea
738 1556 868 1634 diceres,
889 1556 1091 1637 appellarent,
1111 1554 1193 1637 quod
1206 1576 1265 1635 po-

168 1659 244 1737 pulo
260 1656 399 1719 audiente
410 1662 530 1741 publice
544 1662 686 1742 etpalam
698 1662 878 1741 legerentur.
898 1670 1006 1719 testem
1017 1656 1167 1717 adhibebo
1172 1658 1267 1717 Paul-

168 1760 234 1844 lum
251 1760 472 1839 silentiarium,
496 1766 549 1847 qui
564 1783 636 1823 suae
656 1761 694 1822 de
714 1761 789 1822 aede
810 1759 966 1841 Sophiana
981 1758 1187 1838 descriptionis
1200 1761 1266 1839 pri-

167 1880 251 1920 mam
269 1874 388 1946 partem
406 1866 439 1925 in
459 1868 542 1945 regio
563 1866 674 1945 palatio
693 1885 795 1925 coram
813 1865 978 1922 Iustiniana
992 1864 1191 1941 imperatore,
1213 1881 1265 1921 se-

168 1962 299 2023 cundam
319 1976 421 2025 autem
441 1969 474 2025 in
494 1968 645 2047 episcopio
662 1987 763 2026 coram
778 1955 927 2045 Eutychio
939 1960 1107 2043 patriarcha
1118 1963 1264 2037 recitavit,

167 2076 204 2127 ut
224 2087 265 2126 ex
284 2068 393 2126 lambio
409 2078 439 2125 et
450 2068 546 2127 titedis
562 2072 712 2147 poematio
726 2068 878 2146 inscriptio
889 2065 923 2124 fit
934 2065 1138 2124 manifestum.
1181 2062 1265 2144 qnod

166 2179 272 2227 autem
289 2170 386 2247 magis
408 2166 508 2228 adhuc
524 2167 658 2229 cedreno
673 2168 767 2229 fidem
783 2168 940 2229 conciliare
954 2164 1109 2241 videatur,
1128 2184 1196 2225 mos
1209 2166 1264 2225 ille

168 2280 217 2329 est
239 2271 314 2330 olim
336 2272 422 2351 Cpoli
442 2280 578 2351 receptus
592 2269 630 2329 de
647 2268 847 2331 acclamandis
861 2278 1004 2350 perpetuo
1021 2268 1263 2347 imperatoribus,

166 2372 250 2455 quod
269 2392 414 2455 persaepe
435 2374 526 2431 etiam
546 2371 643 2432 fiebat·
657 2374 781 2449 iambis,
803 2382 838 2432 ut
849 2370 952 2431 videre
965 2379 1010 2429 est
1023 2371 1056 2427 in
1069 2368 1263 2428 Constantino

164 2472 424 2556 Porphyrogenito
435 2474 473 2533 de
483 2494 646 2533 caerenton.
662 2474 754 2533 aulae
767 2474 899 2553 Byzant.
916 2472 954 2532 ab
967 2470 1033 2531 ioh.
1047 2472 1176 2531 ilenrico
1189 2472 1263 2530 Lei·
1354 2540 1359 2555 ι

165 2574 233 2637 chio
248 2588 279 2637 et
292 2574 359 2637 leh.
372 2580 433 2637 lac.
447 2574 570 2636 Reiskio
582 2576 783 2662 superioribus
797 2577 883 2635 annis
897 2573 989 2634 edito.
1026 2574 1071 2633 ibi
1082 2575 1165 2633 eninr
1175 2594 1210 2653 p.
1221 2575 1261 2637 16

165 2681 278 2759 legitur
298 2678 381 2761 quod
402 2682 581 2759 imperatore
601 2696 712 2756 magna
730 2696 843 2758 pompa
861 2675 1042 2757 procedente
1059 2677 1092 2733 in
1111 2684 1213 2735 sancta
1232 2681 1264 2733 et

166 2802 279 2861 magna
296 2780 446 2841 dominica
461 2776 501 2839 ad
517 2800 600 2840 sacra
617 2779 784 2838 factionum
796 2780 1025 2839 acclamationes
1039 2776 1127 2852 fiunt,
1150 2785 1181 2834 et
1198 2776 1262 2835 Ve-

165 2896 255 2944 netae
276 2885 409 2944 noterius
429 2881 530 2959 adest,
552 2880 602 2945 καί
625 2882 674 2943 dei
692 2876 789 2944 adedo
801 2885 976 2963 περιπατεῖν
991 2875 1119 2954 ὄπισθεν
1134 2880 1197 2937 reio
1212 2875 1262 2938 de·

165 2991 286 3053 mcv
308 2984 457 3065 πίηοίον,
483 2982 536 3046 καί
554 2981 651 3068 λέγειν
669 2979 743 3059 rode
764 2977 842 3045 eard
861 2975 958 3045 ιείειον
975 2974 1120 3059 ἰοίμβονς,
1150 2973 1261 3035 deinde
1322 3030 1329 3042 .

164 3088 286 3173 ἔρχεται
298 3087 445 3171 ἰαμβίζειν
458 3082 542 3151 decri
554 3082 664 3168 μέρους
674 3089 734 3147 τοῖν
748 3084 912 3168 Προοίνοον
925 3082 1068 3164 μοΐοιιορ.
1100 3088 1167 3139 tum
1178 3074 1262 3141 droti

164 3190 277 3278 μίροιις
290 3196 354 3255 triv
369 3188 504 3254 Βενίτιον
517 3191 649 3272 μοιίσιοιρ
665 3183 784 3271 ἔρχεται
796 3186 961 3267 ἰαμβίζειν,
989 3181 1085 3242 donec
1102 3177 1122 3245 d
1135 3181 1192 3243 νοεῖ
1206 3176 1262 3260 μί-

164 3316 237 3377 pave
250 3298 313 3356 reio
327 3293 491 3376 Προοίνοιν
501 3285 644 3373 νοεοίριος
660 3286 780 3373 ἄρχὲται
794 3287 847 3352 sal
864 3281 956 3363 οείιιίς
971 3286 1119 3366 ἰαμβίζειν
1132 3281 1189 3356 ἕως
1203 3281 1261 3344 τοῦ

164 3392 254 3480 οἰγίου
275 3392 416 3481 φρέατος.
462 3393 496 3454 id
516 3405 619 3455 autem
638 3395 670 3451 in
692 3393 831 3453 omnibus
854 3390 1038 3452 solemnibus
1055 3386 1175 3467 pompis
1192 3382 1260 3441 fieri

164 3499 288 3558 solitum
301 3500 416 3577 passim
431 3494 561 3557 ostendit
575 3494 657 3555 idem
671 3497 891 3556 constantinus.
932 3490 1014 3553 unde
1031 3489 1169 3571 quamvis
1185 3486 1258 3544 satis

162 3609 306 3679 appareat
316 3600 432 3659 iambos
444 3601 497 3680 qui
508 3620 526 3658 a
537 3600 702 3658 factionum
712 3599 863 3677 magistris
874 3596 1088 3667 recitabantur,
1108 3588 1258 3669 hymnmn

162 3704 212 3763 rel
225 3702 447 3761 motiuncularn
459 3702 568 3777 fumea,
591 3721 650 3783 qua
663 3702 722 3780 ipsi
733 3700 856 3759 alternis
867 3699 983 3757 vicibus
998 3695 1097 3754 fausta
1109 3689 1256 3770 adpreca-
1361 3718 1364 3723 ·

161 3817 266 3865 rentur
285 3806 474 3883 imperatori,
495 3802 591 3863 nileilo
609 3813 713 3864 tamen
729 3805 831 3861 minus
847 3798 919 3859 inde
932 3800 965 3858 fit
977 3794 1160 3878 probabilius
1173 3790 1255 3849 Pisi-

161 3904 234 3966 dam
246 3908 355 3967 iambis
367 3926 385 3965 a
397 3904 531 3967 (ledreno
543 3904 674 3966 laudatis
687 3906 861 3965 Heraclium
870 3906 904 3963 in
913 3920 1025 3983 magno
1036 3895 1150 3976 templo
1163 3910 1255 3952 oran·
1286 3954 1294 3975 ⁸
1410 3956 1413 3968 .

161 4020 225 4070 tem
242 4008 280 4069 da
296 4012 459 4091 improviso
474 4011 630 4071 salutasse·
1105 4079 1108 4086 .

244 4115 358 4175 Verum
377 4115 585 4195 qualecunque
605 4114 644 4173 sit
664 4112 836 4192 sapientum
848 4108 982 4167 virorum
995 4098 1054 4161 hac
1070 4095 1109 4158 de
1124 4118 1157 4157 re
1171 4091 1254 4157 iudi·
1271 4131 1273 4136 .

158 4216 258 4295 cium,
279 4214 313 4275 id
326 4236 422 4277 onum
436 4236 477 4277 ex
490 4214 633 4275 hedenus
647 4214 819 4295 praemissis
833 4210 959 4289 colligo,
980 4202 1131 4279 Pisidam,
1153 4201 1181 4260 si
1192 4219 1255 4260 non
