3017 4817
235 293 442 363 BANDURII
466 292 524 362 DE
549 292 583 360 S.
607 292 764 363 SOPth
788 292 1136 367 commutatus.
1190 296 1263 371 157

156 466 238 530 ναοῦ
248 466 351 544 ipsmn
362 454 438 526 o'ar'er
449 480 505 521 seu
518 456 645 521 chorum
655 458 788 541 intelligi
798 460 959 523 observent
969 464 1030 523 riri
1042 459 1134 523 docti.
1162 482 1183 521 a
1196 460 1264 522 dia·

156 554 264 611 conico
285 552 393 628 igitur,
418 544 500 628 quod
517 556 604 605 extra
626 544 734 605 aedem
751 549 885 624 exstitit,
906 568 963 629 per
975 550 1091 607 soleam
1103 558 1266 608 transenn-

157 636 232 697 dum
252 636 312 693 fuit
333 630 480 693 sacerdoti
493 630 532 691 ad
546 632 635 691 berna
646 634 786 711 pergenti
806 632 884 711 (nec
898 636 1028 710 minan,
1049 654 1119 692 curn
1134 635 1265 696 bematis

157 724 238 783 fores
267 721 367 779 micae
394 714 667 797 obversarentur),
701 716 829 798 proinde
858 738 915 798 per
938 738 1008 778 earn
1030 718 1114 779 aedis
1135 731 1263 799 partem,

153 828 236 889 quae
257 807 347 865 bema
361 822 379 863 a
393 806 459 888 rapi
473 805 595 884 proprie
610 813 732 883 sumpto
752 801 936 883 disparabat.
978 815 1071 887 atque
1093 802 1171 864 haec
1193 815 1265 864 aunt

155 914 235 975 quae
253 890 292 950 de
308 888 383 949 aede
398 888 551 969 Sophiam
564 891 692 970 sparsim
708 887 791 971 apud
805 891 966 972 scriptores
977 910 1034 973 per
1049 892 1193 973 temporis
1206 910 1264 951 an-

156 980 291 1060 gustiam
304 977 461 1037 observare
473 976 569 1036 linuit.

600 1284 808 1299 *Q*-

309 1522 662 1636 ausuum
692 1500 1128 1707 pluuntur
1278 1552 1370 1612 m

155 1740 202 1799 lii
221 1736 507 1799 nomenoius
525 1739 743 1799 anonrnfl
761 1740 824 1797 DE
843 1736 1260 1813 anrroulnartnus

561 1852 853 1917 GPOLITANIS

397 2004 852 2084 LIBRUM
927 2004 1014 2095 lv,

219 2174 348 2264 um
388 2174 482 2263 nu
526 2174 730 2263 annu
776 2169 1195 2285 sormam,

457 2368 957 2439 COMMENTARIUS.

152 2566 389 2681 Angustissimi
406 2600 440 2661 S.
460 2598 592 2681 Sophiae
611 2602 720 2682 tempii
740 2601 807 2677 cl),
839 2620 858 2661 a
880 2602 1047 2661 lustiuiauo
1068 2603 1113 2662 Μ.
1134 2600 1259 2663 infinitis

153 2688 323 2767 sumptibus
348 2684 479 2761 conditi,
501 2687 716 2767 quamplurimi
737 2706 779 2747 ex
800 2690 994 2767 scriptoribus
1010 2690 1184 2767 Byzantinis
1203 2688 1261 2747 de·

153 2775 348 2851 scriptionem
372 2769 505 2829 edidere.
548 2781 580 2831 at
593 2784 626 2831 nt
642 2774 750 2840 missos
767 2773 878 2831 faciam
893 2774 1051 2853 scriptores
1066 2775 1135 2832 illos
1150 2771 1203 2854 qui
1220 2771 1260 2833 ds

152 2868 302 2917 structura
321 2853 406 2915 aedis
424 2856 456 2914 S.
469 2852 601 2937 Sophiae
615 2857 712 2916 obiter
723 2866 903 2930 tractarunt,
925 2860 1089 2936 Procopius
1105 2861 1159 2937 qni
1172 2857 1259 2915 aedi-

151 2943 219 3001 ficia
233 2962 252 3001 a
267 2944 435 3001 iustiniauo
448 2942 491 2999 Μ.
507 2944 638 3001 excitate
652 2943 821 3001 luculenter
832 2942 918 3001 libris
931 2952 998 3001 octo
1013 2952 1158 3016 recenset,
1178 2944 1258 3002 libro
1363 2962 1369 2973 ·

151 3030 217 3109 ipso
232 3030 331 3107 primo
347 3046 372 3084 o.
391 3028 409 3090 1
426 3024 463 3084 de
480 3025 564 3086 aedis
576 3024 748 3106 Sophiauae
765 3038 913 3086 structure
928 3030 1007 3105 agit,
1031 3030 1084 3108 qui
1106 3028 1176 3085 lieet
1193 3047 1257 3087 non

151 3115 194 3173 ita
208 3114 314 3172 multis
329 3110 368 3170 de
383 3131 418 3170 ee
432 3113 557 3187 scribat,
580 3122 713 3170 attamen
733 3114 804 3194 quia
825 3114 983 3170 Iustiniani
998 3112 1183 3191 temporibus
1197 3114 1257 3171 ilo-

151 3198 253 3273 rebat,
283 3200 349 3257 iure
373 3199 482 3255 merito
507 3196 566 3257 hac
586 3199 619 3255 in
644 3217 676 3257 re
696 3200 777 3255 iuter
797 3200 956 3277 scriptores
976 3198 1092 3257 solutae
1114 3195 1259 3259 orationis

151 3286 322 3365 principem
343 3282 446 3341 locum
467 3291 560 3341 tenet.
604 3283 681 3341 alter
697 3291 743 3342 est
761 3282 844 3341 illius
862 3284 929 3341 aeri
942 3286 1069 3363 scriptor
1086 3303 1141 3343 seu
1157 3290 1258 3364 poeta,

150 3370 266 3430 Paulus
281 3369 425 3427 nimirum
440 3366 645 3444 Silentiarins,
668 3370 720 3449 qui
741 3370 873 3427 carmine
888 3365 1011 3428 heroico
1027 3379 1058 3427 et
1071 3370 1259 3448 pereleganti

150 3453 302 3535 inrepsere
321 3454 429 3533 templi
449 3452 483 3511 S.
502 3450 635 3532 Sophiae
656 3455 810 3527 exararit3
833 3455 886 3534 qui
904 3473 976 3513 sane
996 3456 1122 3534 scriptor
1140 3457 1260 3533 praeci-

149 3558 245 3621 puam
259 3540 369 3597 mereri
381 3535 505 3597 laudem
517 3536 683 3597 videturne
696 3538 1005 3616 commendationem,
1029 3550 1064 3597 ut
1082 3542 1124 3598 ait
1137 3542 1261 3597 Ducan-

150 3626 221 3705 gius
243 3626 276 3682 in
301 3624 501 3704 praefatione,
524 3622 606 3704 quod
621 3632 740 3703 praeter
756 3626 923 3682 canninum
937 3626 1119 3704 elegantiam
1136 3642 1262 3682 accura-

149 3720 216 3769 tam
236 3710 442 3788 angnstissimi
460 3712 568 3789 templi
589 3706 822 3789 descriptionem
837 3712 952 3791 vixque
972 3709 1184 3769 oculatioribus
1200 3706 1261 3767 ha-

150 3806 257 3855 ctenns
271 3795 456 3853 intellectum
468 3796 556 3854 uobis
569 3803 782 3875 repraesentet.
825 3798 909 3855 enim
923 3814 996 3854 rero
1013 3813 1076 3851 nou
1092 3791 1215 3852 defuere
1229 3804 1261 3853 et

150 3880 364 3961 subsequentis
384 3882 452 3940 aeri
470 3883 645 3960 scriptores,
676 3880 729 3961 qui
747 3878 787 3938 de
808 3877 891 3939 aedis
914 3878 1087 3960 Sophianne
1112 3887 1260 3939 structura

151 3966 287 4044 integros
312 3976 454 4025 mactatus
481 3970 645 4045 scripsere,
679 3963 813 4025 eodinus
839 3965 970 4040 scilicet,
999 3965 1131 4023 incertus
1156 3974 1260 4024 auctor

151 4050 407 4126 Combehsiauus,
428 4070 462 4109 ao
483 4053 574 4111 ceteri
596 4052 753 4130 Originum
769 4051 819 4108 GP
836 4052 994 4129 scriptores
1010 4046 1128 4111 inediti.
1170 4051 1203 4107 iu
1220 4052 1259 4111 iia

151 4146 255 4196 autem
276 4138 444 4216 principem
466 4138 569 4196 locum
593 4146 677 4195 tenet
697 4139 877 4215 Anonymus
896 4145 1016 4208 noster,
1046 4135 1110 4193 sive
1128 4144 1259 4194 aetatem

150 4238 212 4303 qua
237 4224 397 4301 scripserat
417 4223 481 4289 sira
502 4219 638 4281 ordinem
661 4240 698 4280 ac
718 4218 908 4299 diligentiam
922 4237 982 4300 qua
996 4230 1192 4279 monumenta
1206 4240 1259 4278 re-

151 4318 254 4370 censet
266 4316 394 4391 spectes.
434 4324 535 4393 neque
548 4308 606 4369 soii
616 4309 776 4389 scriptores
788 4306 896 4367 Graeci
911 4302 996 4367 aedis
1012 4303 1184 4387 Sophiauae
1199 4302 1255 4364 de-
