3017 4817
232 287 305 365 134
663 290 724 361 DU
750 290 892 359 canon

231 460 368 521 conicum
387 458 479 539 igitur
495 452 571 516 haec
584 454 731 516 conchula
746 457 896 537 appellate
911 464 965 530 est,
988 451 1069 535 qnod
1084 462 1162 513 esset
1177 450 1328 535 quodam·

230 544 322 605 modo
337 540 490 623 appendix
504 544 625 601 maioris
641 541 788 601 diaconici
806 562 860 601 sen
873 543 1040 616 secretarii,
1063 543 1094 597 in
1110 559 1169 619 quo
1186 549 1215 597 et
1229 540 1328 597 eccle-

232 632 368 691 siasticae
381 639 479 686 restes
493 639 523 685 et
538 646 631 703 sacra,
653 630 697 687 uti
712 628 901 708 appellantur
913 627 1036 705 passim,
1052 625 1215 682 ministeria
1231 644 1329 681 asser-

232 716 394 787 vabantur,
427 733 469 771 ex
487 732 546 792 quo
562 731 638 792 qnae
653 710 692 771 ad
707 731 824 772 sacram
838 712 992 789 liturgiam
1006 708 1208 789 peragendam
1221 728 1329 767 neces-

233 802 311 861 saria
326 808 409 857 erant
422 798 637 877 promebantur
650 809 678 856 et
689 800 721 856 in
734 794 812 856 hanc
829 794 1007 855 conchulam
1019 794 1237 867 deferebantur,
1251 812 1329 873 qnae

232 884 304 943 inda
318 882 507 944 diaconicum
522 883 671 961 appellata
686 893 740 943 est.
783 903 855 941 rtem
874 883 908 939 in
927 892 1025 939 restes
1044 899 1143 938 sacras
1165 877 1329 937 induebant

233 980 264 1033 et
279 967 416 1028 sacerdos
435 987 517 1026 sacra
530 968 662 1027 facturus
678 978 708 1027 et
725 967 842 1026 diaconi
854 968 902 1025 iili
914 967 1119 1025 ministraturi.
1162 963 1243 1022 uude
1260 984 1329 1023 cum

233 1052 459 1134 sceuophylacii
480 1054 682 1132 appellatione
702 1050 862 1113 donaretur
878 1049 1002 1131 perinde
1020 1053 1117 1108 maius
1133 1046 1329 1125 diaconicum,

231 1138 302 1198 inde
317 1142 407 1198 etiam
422 1137 611 1196 diaconicum
622 1140 722 1197 minus
736 1159 791 1197 seu
806 1136 951 1196 conchula
968 1135 1114 1194 diaconici
1129 1133 1330 1215 sceuophyla-

232 1226 314 1284 cium
326 1222 477 1282 interdum
490 1234 630 1297 vocatur3
653 1222 728 1281 adeo
746 1233 782 1281 ut
803 1241 880 1304 quae
899 1224 933 1279 iu
954 1222 1082 1299 liturgiis
1097 1220 1130 1277 S.
1143 1221 1239 1277 Marci
1253 1230 1284 1278 et
1296 1220 1329 1279 S.

232 1309 335 1368 lacobi
356 1308 391 1372 lv
414 1310 578 1393 διακουικρῖ
598 1310 703 1388 peragi
723 1328 842 1388 preces,
876 1316 982 1364 exacto
1001 1304 1158 1381 sacrificio,
1181 1304 1330 1379 dicuutur,

233 1415 288 1453 eae
312 1397 346 1452 iu
373 1394 494 1471 liturgia
518 1392 723 1474 chrysostomi
752 1392 785 1455 ἐν
812 1393 1041 1474 σκευοφυλααίρι
1065 1390 1129 1447 fieri
1154 1390 1330 1449 scribantur.

232 1482 385 1537 metatorii
399 1477 530 1558 denique
542 1480 778 1557 appellationem
792 1474 897 1535 habuit
911 1474 1017 1533 eadem
1032 1472 1193 1549 conchula,
1223 1495 1332 1555 qnem-

233 1560 399 1622 admodum
419 1567 518 1623 maius
545 1562 748 1638 diaconicum,
778 1573 811 1620 nt
831 1562 910 1620 infra
926 1561 1103 1639 probamus,
1135 1560 1188 1618 ubi
1200 1562 1331 1620 nominis

234 1650 382 1707 rationem
393 1648 608 1727 expandimus:
630 1668 702 1706 nam
719 1645 827 1706 diserte
842 1644 1065 1724 Euchologium
1079 1664 1110 1723 p.
1125 1646 1187 1708 623
1201 1646 1332 1709 διακονι-

232 1728 290 1795 adv
309 1744 339 1791 et
363 1729 545 1813 percecipaov
567 1731 740 1807 confundit3
768 1751 827 1813 quo
847 1732 914 1789 loco
933 1750 994 1787 uon
1011 1740 1055 1787 est
1069 1732 1165 1788 maior
1181 1733 1332 1801 eurenais,

232 1819 277 1875 uti
291 1817 369 1877 valle
385 1815 502 1875 videtur
515 1818 649 1891 Gnarus,
671 1814 725 1876 sed
741 1813 889 1875 conchula
902 1815 1030 1873 bematis
1045 1816 1088 1873 ita
1101 1815 1270 1893 appellata,
1291 1835 1332 1873 ax

232 1921 294 1982 qua
313 1899 481 1981 patriarcha
505 1912 572 1981 post
596 1912 727 1959 cantatas
746 1903 866 1960 tertiam
889 1910 919 1957 et
938 1909 1057 1958 sextam
1080 1896 1153 1958 odas
1179 1900 1218 1959 ad
1238 1903 1331 1959 altare

232 1984 376 2068 procedit,
390 1984 534 2067 ἐξέρχεται
549 1986 593 2060 εἰς
605 1982 637 2049 ad
650 1981 737 2069 dyene
750 1980 971 2067 θυσιαστήριον
984 1982 1017 2047 ia
1030 1987 1086 2046 τοῦ
1098 1982 1208 2064 μέρους
1221 1986 1332 2060 δεξιοῦ.

128 2076 151 2129 P
166 2074 216 2134 stt
236 2091 292 2129 nec
306 2070 403 2133 obstat
417 2069 497 2151 qnod
512 2069 551 2129 ad
568 2070 706 2128 dextram
722 2070 825 2128 altaris
839 2068 1028 2128 diaconicum
1043 2079 1169 2143 statuat,
1197 2069 1278 2151 quod
1294 2068 1334 2129 ad

234 2158 387 2216 sinistram
406 2155 523 2235 reponit
542 2153 839 2228 Thessalonicensis,
869 2174 954 2228 curn,
983 2164 1017 2212 ut
1037 2156 1079 2211 ait
1104 2152 1186 2212 idem
1208 2155 1333 2232 Gnarus,

235 2238 376 2300 dextrum
390 2242 439 2298 vel
452 2243 606 2299 sinistrum
619 2242 696 2299 latus
711 2259 765 2319 pro
781 2240 1003 2319 respicientium
1018 2235 1057 2296 ad
1072 2250 1170 2297 crtum
1184 2240 1234 2299 rel
1245 2259 1334 2299 occa-

234 2345 304 2384 sum
316 2329 482 2383 mutatione
496 2324 688 2403 scriptoribus
700 2323 833 2398 dicetur3
856 2324 931 2382 adeo
949 2333 981 2383 ut
998 2326 1063 2402 ipse
1079 2325 1193 2383 Gnarus
1207 2324 1333 2407 prothe-

235 2414 294 2468 sim
307 2408 346 2467 ad
359 2413 527 2483 sinistram,
561 2408 749 2467 diaconicum
771 2428 843 2468 vero
865 2408 905 2467 ad
918 2406 1058 2466 dextram
1074 2419 1199 2483 statuat,
1232 2421 1333 2469 contra

235 2512 328 2575 quam
349 2492 637 2553 Thessalonicensis.
681 2496 871 2551 metatoriam
894 2496 1005 2573 pariter
1025 2492 1064 2551 ad
1089 2492 1230 2553 dextrum
1255 2497 1333 2554 latus

234 2580 285 2636 rel
300 2576 382 2635 aedis
399 2577 448 2635 rel
462 2578 563 2636 altaris
581 2580 664 2656 ponit
679 2576 831 2635 cedrenus
846 2580 877 2635 iu
891 2580 993 2637 Leone
1007 2576 1206 2657 philosopho:
1234 2600 1334 2661 neque

235 2665 318 2720 enim
337 2664 459 2721 omnino
481 2672 597 2719 constat
620 2680 658 2719 an
675 2660 713 2720 de
732 2660 844 2720 exedra
869 2660 1020 2721 diaconico
1035 2682 1070 2721 ac
1085 2666 1240 2723 metatorio
1254 2664 1334 2723 dicta
1384 2693 1388 2700 ⁴

202 2816 207 2831 .
234 2766 274 2805 an
289 2765 360 2805 vero
376 2744 413 2805 de
431 2744 576 2806 conchula
591 2743 700 2805 iisdem
714 2746 886 2806 nominibus
902 2747 1018 2805 locutus
1032 2750 1088 2806 eit:
1111 2750 1212 2807 locum
1227 2747 1334 2810 damus

234 2832 313 2891 infra
326 2851 357 2891 n.
371 2834 423 2895 86.
466 2830 521 2890 sed
541 2842 570 2891 et
588 2850 650 2890 nou
673 2831 781 2890 desunt
803 2833 855 2911 qui
873 2841 970 2889 totum
989 2832 1116 2891 bematis
1132 2844 1217 2892 extra
1232 2836 1333 2893 altaris

234 2918 302 2975 vela
318 2926 407 2997 atque
422 2914 496 2976 adeo
512 2927 597 2977 extra
608 2918 753 2975 maiorem
768 2914 912 2974 concham
926 2919 1057 2995 spatium
1071 2916 1259 2978 diaconicum
1277 2940 1334 3000 ap-

233 3003 380 3081 pellatum
394 3002 513 3077 volunt,
544 3000 644 3083 qnod,
674 3021 743 3061 cum
756 3004 835 3059 intra
849 3002 916 3059 vela
932 3021 986 3060 seu
1001 2998 1273 3083 παραπετάσματι,
1295 3002 1332 3063 de

235 3088 345 3167 quibus
362 3106 435 3145 mcx
450 3104 589 3165 agemus,
611 3088 684 3147 solis
700 3086 904 3146 sacerdotibus
922 3090 1082 3147 consistere
1104 3088 1224 3164 liceret,
1255 3109 1332 3170 quae

233 3170 362 3230 bematis
386 3190 455 3249 pars
477 3170 547 3231 inde
574 3171 721 3252 ἰερατεῖον
734 3174 854 3251 proprie
871 3170 950 3230 diota
971 3183 1032 3247 est,
1061 3173 1178 3255 reliqua
1200 3174 1333 3235 diaconis

233 3258 381 3335 permissa
398 3266 492 3331 esset,
513 3266 548 3314 ut
561 3260 613 3337 qui
630 3253 669 3315 ad
684 3267 843 3338 utramque
859 3256 1054 3335 conchulam,
1072 3259 1237 3337 pmtheaim
1251 3260 1334 3319 scili-

233 3350 282 3399 cet
299 3352 328 3398 et
343 3340 545 3413 de'ocom'cum,
557 3361 611 3419 pro
622 3342 713 3401 officii
728 3344 840 3401 ratione
852 3341 999 3421 pergendi
1014 3354 1043 3402 et
1057 3345 1140 3403 iniis
1154 3344 1335 3404 consistendi

233 3444 356 3484 necesse
370 3423 526 3483 haberent.
548 3444 619 3484 nam
633 3426 767 3507 Symeon
780 3424 1059 3488 Thessalonicensis
1073 3429 1150 3508 libro
1166 3429 1203 3488 de
1219 3431 1333 3510 templo

233 3513 276 3567 ait
289 3512 367 3569 nulli
385 3511 475 3568 licere
497 3513 529 3568 in
548 3530 630 3571 sacro
650 3510 815 3593 synthrono
829 3510 933 3571 sedere
947 3525 1157 3595 praeterquam
1169 3514 1334 3575 sacerdoti-

233 3594 305 3669 bus,
338 3615 432 3654 acue
454 3598 526 3675 ipsis
553 3594 677 3677 quidem
701 3596 850 3672 diaconis,
883 3598 993 3679 quibus
1013 3600 1091 3657 alius
1108 3602 1266 3659 attributus
1288 3610 1334 3661 eet

233 3680 334 3755 locus,
357 3676 392 3755 dc
405 3674 606 3755 ἆκουλούθιος
621 3676 793 3759 ωὐὸμασται
808 3677 994 3759 demovenda,
1017 3683 1094 3747 ἔνθα
1107 3684 1159 3747 καὶ
1171 3690 1332 3765 καθῆσθαι

233 3762 351 3839 τούτοις
366 3760 423 3829 oda
440 3760 611 3841 dedicans,
639 3766 828 3827 diaconicum
841 3788 968 3848 nempe,
997 3770 1082 3829 locus
1102 3772 1146 3828 sic
1166 3770 1279 3847 dictus,
1299 3772 1332 3829 in

233 3869 294 3930 quc
307 3849 462 3911 considere
477 3854 521 3910 eis
536 3852 654 3911 licitum
665 3856 714 3911 sit.
758 3850 829 3911 huic
850 3851 974 3934 quidem
992 3856 1157 3914 sententiae
1177 3858 1279 3916 nescio
1293 3874 1332 3913 au

232 3936 332 3993 faveat
345 3938 480 3995 Lexicon
493 3938 545 3994 Gr.
562 3956 619 4013 ms,
642 3934 722 4019 quod
738 3947 838 3996 exstat
850 3940 882 3995 in
896 3939 1140 4020 bibl.1ieg.cod.
1157 3944 1258 4014 2062,
1279 3940 1332 3999 nbi

232 4019 449 4101 παραπέτασμα
463 4014 498 4082 cd
515 4018 708 4097 decsceeno'v,
736 4019 769 4084 ed
784 4017 1007 4104 παρακάλυμμα
1020 4046 1085 4085 esse
1101 4022 1223 4084 dicinsr:
1246 4024 1333 4085 ride-

235 4114 285 4163 tur
296 4108 378 4163 euim
391 4101 566 4169 διατουαιδυ
582 4106 727 4185 appellari
741 4108 846 4166 velum
859 4108 977 4185 altaris,
1000 4112 1085 4191 quasi
1097 4120 1196 4169 totum
1203 4111 1333 4170 bematis

235 4192 382 4268 spatium,
404 4186 486 4271 quod
502 4201 587 4249 extra
601 4192 668 4250 reia
683 4191 784 4252 aitaris
797 4203 895 4272 patet,
928 4192 1117 4254 diacommm
1131 4197 1188 4271 sit,
1219 4206 1248 4255 et
1263 4198 1333 4277 quia

233 4275 266 4331 in
283 4293 319 4334 eo
335 4285 365 4333 et
381 4276 540 4335 consistere
559 4285 589 4336 et
606 4275 751 4358 progredi
772 4298 827 4359 pro
846 4278 1008 4339 intactiouie
1029 4300 1100 4341 suae
1113 4283 1244 4359 ratione,
1273 4300 1334 4341 nou
1378 4304 1382 4309 ·
