3017 4817
136 246 139 255 ’
245 281 296 355 so
682 280 746 350 nu
771 278 912 349 cauco

244 460 309 523 tur,
331 457 367 507 ut
382 455 412 507 et
422 441 504 526 apud
516 443 711 505 Annustum
723 446 798 505 bibl.
813 448 846 505 iu
859 445 1051 507 Anastasiou
1063 446 1113 505 ΡΡ
1126 458 1155 507 et
1168 448 1201 507 in
1214 449 1247 511 S.
1255 446 1358 530 Sym-

243 531 364 595 macho.
407 543 478 590 snnt
496 534 578 590 enim
597 530 733 593 canthari
747 532 829 613 apud
844 534 1009 612 Ulpianum
1031 532 1111 611 (leg.
1129 533 1168 597 41
1189 530 1292 614 §2ss
1314 534 1359 593 de

244 620 336 698 legat.
354 619 392 698 1)
414 636 562 698 aquarum
578 620 782 699 receptacula,
804 616 885 677 unde
909 638 1006 699 aquae
1029 630 1199 697 erumpunt.
1244 619 1359 679 eadem

244 708 337 785 igitur
362 705 484 763 notione
505 701 648 780 phialam
673 705 863 785 appellarunt
889 705 1015 779 Graeci,
1046 704 1129 784 qnod
1148 706 1358 786 symphosium

243 792 419 852 Anastmius
435 790 468 845 in
481 788 514 847 S.
528 788 633 847 Hilaro
645 792 706 848 PP.
745 788 831 849 idem
843 790 988 859 Paulinus
1000 792 1069 849 Nat.
1085 792 1142 856 10:

407 874 530 931 interm
545 875 641 932 variae
655 875 811 935 omatibus
827 875 1004 947 aress‘n'slet,

410 959 491 1017 laeta
504 979 594 1037 snper
608 963 705 1029 uetes,
728 973 758 1018 et
769 972 875 1040 aperta
888 961 955 1019 luce
968 962 1078 1022 sumes

397 1043 569 1126 frontibus,
590 1056 681 1125 atque
696 1046 783 1125 infra
799 1048 895 1106 niveis
907 1046 1046 1105 redimita
1063 1042 1223 1120 columm'e3

412 1131 500 1189 cuiue
514 1131 548 1187 in
562 1134 692 1207 exposs'to
703 1131 884 1210 praelucens
899 1131 1064 1191 eantbwue
1078 1140 1187 1204 exstat,

411 1235 501 1295 quem
513 1214 680 1275 cancellato
694 1219 767 1297 tegit
779 1236 867 1275 aerea
880 1216 1011 1275 οιιΙιιιὶιιε
1024 1218 1126 1275 taetris.

411 1311 509 1358 cetera
521 1300 671 1379 dispositis
682 1312 767 1361 etam
777 1324 853 1362 vasa
868 1300 925 1361 sub
938 1303 1008 1361 ae're
1021 1302 1103 1361 nudo

402 1385 581 1465 fonticulis,
598 1397 689 1466 grato
703 1390 787 1447 varie
801 1386 911 1468 qsse'bue
924 1388 1111 1462 ordinefiss's

412 1467 535 1530 dissidet
549 1475 624 1531 arae
638 1493 727 1552 opus,
748 1472 909 1533 concordat
921 1493 999 1532 versa
1015 1470 1146 1543 memb,

411 1576 533 1635 ursaque
546 1556 663 1616 diverso
671 1559 752 1636 fluet
765 1579 814 1617 ore
828 1559 972 1637 capacius
985 1556 1080 1617 undu.

246 1639 387 1699 meminit
402 1640 487 1700 idem
510 1643 723 1703 Constantinus
738 1663 765 1702 o.
780 1644 820 1708 69
833 1642 956 1723 phialae
972 1663 1026 1703 sen
1042 1640 1144 1701 balnei
1158 1638 1290 1699 Venetae
1303 1634 1357 1693 fa·

247 1729 371 1800 οῐίοιιίι,
397 1737 427 1786 et
447 1728 569 1787 alterius
590 1726 711 1807 phialae
725 1732 869 1789 Prasinae
883 1730 1038 1803 factionis,
1061 1738 1092 1787 et
1103 1726 1159 1785 lib.
1175 1722 1212 1783 de
1225 1720 1354 1781 Admin.

245 1811 322 1891 imp.
337 1831 363 1869 c.
376 1810 417 1875 51
435 1813 496 1872 loci
510 1807 622 1889 φιάλας
635 1812 721 1889 dicti,
742 1818 776 1872 in
793 1833 853 1893 qno
866 1812 977 1872 iudicia
990 1816 1069 1873 inter
1081 1812 1209 1889 remiges
1226 1824 1355 1867 exerce-

244 1896 371 1971 bantur3
393 1895 474 1955 uude
495 1898 578 1957 illius
597 1895 694 1959 iudex
715 1900 884 1979 praefectus
904 1898 1024 1979 phialae
1045 1897 1246 1970 vocitabatur,
1267 1893 1354 1949 illius

205 2056 210 2064 ·
245 1983 324 2041 forte
336 2001 429 2062 quam
440 1980 646 2061 Theophanes
661 2004 693 2064 p.
705 1988 768 2050 307
783 1996 813 2044 et
830 1983 982 2045 cedrenus
995 2006 1026 2064 p.
1040 1984 1104 2049 442
1122 2002 1140 2041 a
1155 1978 1354 2041 Rhinotmeto

246 2070 411 2125 excitatam
425 2068 518 2127 fuisse
531 2068 665 2129 scribunt
679 2070 723 2144 εἰς
734 2065 770 2133 sd
783 2075 936 2133 τελεῖσθαι
948 2068 1011 2133 ἐκεῖ
1024 2068 1228 2145 σαξοδὲξιμον.
1261 2061 1355 2123 huius

245 2156 339 2212 etiam
358 2156 474 2211 mentio
495 2163 540 2212 est
560 2153 642 2233 apud
661 2157 796 2213 Leonem
819 2157 1056 2214 Grammaticum
1075 2156 1107 2213 in
1126 2148 1299 2229 Theophilo
1321 2156 1355 2205 et

245 2240 425 2317 Gregorium
445 2240 478 2296 in
498 2240 562 2297 vita
583 2238 617 2299 S.
639 2240 747 2299 Basilii
768 2241 897 2299 iunioris
919 2258 951 2299 n.
971 2240 1023 2305 38.
1065 2250 1097 2297 et
1111 2235 1214 2317 phiala
1232 2235 1355 2313 proprie

247 2323 357 2383 dicitur
378 2335 476 2383 totum
495 2322 575 2382 illud
597 2322 768 2383 aedificium
790 2344 850 2405 quo
874 2324 1050 2403 cingebatur
1063 2334 1092 2381 et
1107 2322 1263 2401 tegebatur
1279 2337 1355 2376 can-

247 2408 352 2469 tharus
368 2412 434 2489 ipse
450 2429 505 2468 sen
520 2428 667 2511 aquarum
681 2410 920 2488 receptaculum,
943 2406 1025 2489 quod
1039 2403 1074 2472 sd
1086 2406 1220 2487 ἔμβαόον
1235 2400 1355 2467 καὶτὸν

245 2493 392 2573 πυθμένα
414 2497 470 2573 τῆς
491 2498 606 2573 utuiqe
627 2505 715 2553 vocat
736 2492 820 2553 idem
842 2494 1072 2569 Constantinus,
1094 2486 1229 2573 ἐμβάτην
1245 2487 1355 2547 Theo-

246 2577 364 2660 phanes
388 2589 418 2637 et
437 2575 674 2657 Euchologium,
696 2582 729 2638 in
752 2598 812 2661 quo
833 2589 863 2637 et
880 2581 1061 2660 ιιολαμβεῖον
1076 2586 1276 2656 nuncupatur.
1318 2575 1355 2631 in

248 2665 341 2724 simili
359 2663 445 2722 labro
465 2665 611 2743 scriptum
623 2666 698 2723 olim
709 2684 831 2725 versum
843 2662 925 2725 hunc
937 2662 1161 2744 retrogradum,
1185 2663 1237 2742 qui
1254 2657 1356 2717 habe-

247 2760 298 2808 tur
318 2750 351 2807 in
371 2746 573 2827 Anthologia,
596 2749 678 2829 apud
700 2751 861 2809 Gruterum
879 2761 909 2809 et
924 2752 1017 2825 alios,
1039 2752 1140 2824 aiunt,
1161 2749 1258 2825 νίψον
1277 2737 1355 2807 α’νο-

248 2830 374 2914 μιίμαια
386 2830 430 2914 μή
443 2831 542 2910 μόναν
556 2830 642 2911 ὄψιν.
677 2838 789 2933 quippe
806 2834 911 2895 fideles
924 2838 1100 2916 priusquam
1117 2831 1223 2893 aedem
1236 2848 1355 2890 sacram

247 2918 492 2998 ingrederentur,
515 2922 601 3000 aquia
613 2922 696 2995 istis,
719 2941 797 3002 quae
813 2942 830 2980 a
844 2920 996 2981 sacerdote
1013 2917 1281 2994 benedicebantur,
1301 2915 1354 2974 fa-

248 3007 309 3066 cies
323 3015 354 3064 et
366 3024 474 3063 mansu
487 3005 639 3065 lavabant.
681 3004 753 3065 hinc
765 3008 911 3067 Paulinus
927 3005 967 3065 ad
979 3008 1143 3067 Severum:

413 3101 521 3149 saneta
534 3095 632 3150 ndens
638 3090 775 3170 seruulis
787 3093 923 3151 interluit
935 3094 1015 3150 atria
1027 3090 1158 3171 &naphis

412 3175 590 3248 cantharus,
611 3178 836 3257 &nummoque
850 3199 959 3237 osanne
973 3178 1061 3237 lavat
1071 3196 1159 3235 amne
1170 3173 1318 3231 moiseo.
1348 3192 1352 3201 ·

248 3268 339 3339 atque
352 3255 411 3317 hae
424 3261 555 3319 fontium
568 3280 664 3342 aquae
679 3266 840 3342 quotannis
853 3266 886 3323 in
902 3266 1060 3343 pervigilio
1077 3279 1230 3321 sacrorum
1245 3256 1354 3316 Theo-

248 3342 446 3424 phaniornm,
468 3344 620 3405 interdurn
634 3350 749 3427 inipso
766 3350 842 3407 festo
862 3348 926 3425 die,
949 3348 1196 3409 consecrabantur
1211 3355 1240 3403 et
1256 3344 1354 3401 bene-

249 3428 443 3506 dicebantur3
465 3449 593 3511 quarum
616 3432 832 3493 benedictionis
854 3432 927 3496 ordo
948 3433 1076 3493 habetur
1092 3436 1126 3492 in
1142 3428 1352 3507 Euchologio:

248 3513 330 3574 unde
342 3510 444 3577 νόσων
457 3510 660 3593 ἆιιελασιιιιαί,
677 3513 832 3600 δαιμόνων
845 3521 1062 3602 φαγαδεατιιιαί
1072 3516 1154 3599 apud
1164 3518 1354 3576 Clementem

248 3602 282 3659 in
297 3601 423 3660 constit·
437 3603 559 3681 Apost,
583 3602 740 3684 ἰαματιιιὸι
751 3609 861 3685 ψυχῶν
876 3606 928 3669 καὶ
944 3600 1107 3685 σωμάτων,
1130 3604 1203 3661 alibi
1217 3598 1354 3679 cinctosq-

248 3682 352 3766 μάτων
376 3680 520 3767 λυτήριον
529 3731 539 3763 ,
561 3698 619 3747 etc.
650 3690 684 3747 in
707 3690 816 3751 eodem
836 3691 1024 3770 Euchologio
1050 3688 1200 3747 dicuntur.
1241 3682 1354 3743 harum

224 3771 314 3831 'loco
338 3791 521 3848 successere,
549 3777 725 3854 praesertim
748 3774 830 3857 apud
854 3780 996 3853 Latinos,
1019 3795 1094 3859 qnae
1117 3778 1149 3833 in
1171 3772 1353 3851 templorum

246 3859 343 3916 valvis
364 3861 476 3936 exponi
495 3860 592 3919 solent
613 3862 751 3921 lustrales
771 3860 886 3938 undae,
907 3865 952 3923 uti
970 3865 1023 3943 qui
1038 3860 1075 3919 de
1090 3860 1194 3919 ritibus
1208 3858 1353 3917 ecclesia-

248 3944 330 4000 sticis
355 3946 498 4021 scripsere
525 3943 645 4025 pridem
666 3946 840 4007 docuerunt.
886 3951 1038 4008 enimvero
1062 3944 1144 4027 quod
1161 3943 1353 4003 Silentiarius

249 4024 288 4084 de
307 4039 451 4106 perpetuo
473 4048 620 4109 aquarum
638 4029 810 4111 Sophianae
829 4030 950 4113 phialae
968 4033 1114 4091 miraculo
1131 4029 1248 4105 subdit,
1271 4041 1301 4089 et
1318 4042 1353 4090 ut

247 4112 282 4169 in
307 4114 465 4190 pervigilio
494 4118 571 4174 sacri
589 4117 676 4189 festi,
703 4136 807 4177 mense
832 4137 924 4198 quens
943 4118 1146 4197 χρυσοχίτωνα
1167 4127 1269 4191 vocat,
1299 4136 1353 4175 eae

249 4197 379 4255 resculis
399 4195 525 4258 haustae
549 4211 580 4259 et
599 4221 618 4259 a
634 4201 723 4280 plebe
742 4199 912 4261 Christiana
931 4201 1054 4262 domum
1068 4213 1234 4281 asportatae
1251 4204 1355 4261 incor-

144 4292 168 4344 P
184 4288 238 4347 54⁰
253 4290 359 4363 ruptae
379 4297 536 4345 manerent
559 4288 706 4369 nulloque
727 4290 947 4369 cordperentur
966 4308 1087 4351 mucore
1111 4289 1160 4347 rel
1183 4286 1354 4369 putredine,
