3017 4817
699 298 761 368 DU
786 294 928 367 cttttffl

759 461 824 529 δπδ
836 466 984 546 προβλῆτι
999 458 1034 527 dl
1048 456 1155 549 αδσρρε

425 545 579 653 έιιρερέες
595 543 715 631 λέΐγγες
730 545 950 633 έοτερνοῦσαντο
963 546 1091 652 πορεέην
1169 625 1178 653 ‚

426 652 567 715 οτιινην,
588 630 800 716 τερμιόεσοαν,
822 632 885 722 ὅπῃ
903 635 957 698 παλ
971 651 1139 712 φαεφορος
1156 627 1237 713 αναξρ

425 715 557 799 ἄτρομος
575 712 737 800 οἷμφιθέων
757 716 858 803 ἱεροδς
876 712 1203 801 superserenissimo.

149 805 241 863 esst
343 803 395 865 53.
438 806 526 864 blnro
556 801 773 884 hemisphaerii
801 805 921 865 testudo
950 804 1131 879 orbiculato,
1160 805 1194 860 in
1217 795 1367 879 sphoeree

257 882 382 945 modum
408 898 577 969 compecto,
599 892 757 951 incumbit.
800 890 880 951 hono
900 891 992 969 vulgo
1011 883 1109 951 θόλον
1127 896 1236 947 rooont
1256 886 1367 943 Graeci

257 974 426 1051 scriptores.
471 985 516 1035 est
536 984 636 1033 sutem
657 970 769 1052 θόλος,
791 988 825 1035 ut
842 988 887 1036 est
901 974 981 1056 epnd
996 971 1198 1054 Hesyohlum,
1220 988 1368 1050 στραγγα-

256 1054 377 1136 λοειδδς
396 1054 494 1133 οἶκος,
518 1080 573 1119 seu
589 1072 623 1120 nt
638 1072 683 1121 est
696 1062 779 1141 spnd
793 1060 943 1121 lsidorum
959 1072 990 1119 et
1005 1062 1147 1139 Pupium,
1169 1060 1300 1115 ειπὶπεπε
1316 1074 1369 1111 m-

257 1143 393 1202 nmditos
406 1156 434 1203 et
439 1146 609 1225 faeu'gium
621 1147 735 1225 templi.
781 1150 925 1226 Ugutioui
941 1148 1060 1226 proprie
1074 1142 1199 1225 quidem
1211 1140 1311 1199 tholus
1323 1148 1369 1197 est

256 1228 341 1287 νεέιιέ
351 1242 470 1289 scutum
485 1230 585 1303 breve,
606 1234 689 1312 qnod
699 1236 733 1290 ιἐι
746 1234 843 1291 mdes
857 1235 926 1289 teeti
939 1242 995 1302 est,
1016 1232 1052 1287 ἰει
1062 1250 1121 1309 qno
1137 1227 1235 1286 mbos
1246 1234 1364 1283 οοαειπί.

258 1316 344 1373 onius
367 1315 490 1397 quidem
504 1320 586 1377 mois
601 1320 740 1376 meminit
754 1320 907 1378 Vitruvius
922 1316 943 1379 4
964 1322 1002 1391 7,
1023 1316 1143 1373 temetsi
1158 1312 1197 1371 de
1213 1310 1369 1390 signifiea-

258 1402 342 1457 tione
357 1404 436 1460 inter
449 1422 481 1461 so
496 1400 673 1462 dissentient
688 1404 771 1473 illius
784 1407 972 1482 interpretes.
1017 1400 1098 1457 tholo
1104 1400 1304 1478 foetigmtnm
1316 1393 1368 1453 di-

258 1486 308 1543 xit
335 1488 498 1547 Puulinus:
528 1499 558 1547 ot
588 1498 675 1547 vetus
707 1492 894 1567 epigramma
915 1491 949 1545 iu
973 1483 1220 1563 Asclepiodotum
1239 1478 1368 1541 Anthol.

260 1570 313 1629 Gr·
335 1570 356 1632 4
377 1574 418 1635 28
440 1578 544 1635 troilon
564 1572 684 1653 έρεισμα
708 1569 809 1637 θόλον
832 1575 985 1651 eleganter
1001 1570 1166 1650 appellavit
1185 1570 1315 1647 periotes
1333 1568 1368 1623 in

260 1656 364 1714 orbem
394 1658 518 1717 interius
549 1657 785 1732 circumductos,
819 1661 872 1740 qui
897 1655 1080 1716 testudinem
1102 1652 1290 1733 sphoeeioom
1311 1670 1368 1709 seu

258 1738 379 1799 tholum
405 1745 564 1801 sustinent.
618 1745 656 1801 eb
684 1741 834 1803 eiusmodi
853 1741 946 1801 tholis
967 1741 1083 1800 dietum
1103 1735 1245 1802 θολοιτόν
1262 1735 1367 1813 magni

259 1826 366 1905 pelotii
394 1828 573 1902 triclinium,
603 1829 641 1886 eb
661 1830 822 1887 Anostesio
847 1830 956 1887 Dioom
984 1836 1186 1898 exstructum,
1217 1832 1253 1881 nt
1275 1822 1369 1879 refert

258 1914 409 1985 Zouerss3
432 1911 514 1993 quod
527 1910 610 1971 idem
623 1932 687 1972 esse
702 1924 818 1973 constet
834 1933 904 1971 oum
918 1912 1019 1985 trullo,
1041 1914 1074 1969 in
1086 1930 1148 1993 quo
1160 1907 1264 1967 hebite
1277 1916 1367 2011 sexto

259 1994 830 2164 iiiiii.¹”it.⁰‘.ttfiiti⁰i.ltli3
843 1994 1368 2162 llll‘ssrllnl‘llllllulliil

259 2168 340 2225 ostio
357 2170 515 2247 Anoymno
532 2167 641 2228 dieitur
655 2169 748 2228 fuisse
767 2163 851 2240 ολιος
868 2164 1040 2248 περιφανῆς
1056 2166 1090 2229 έν
1105 2168 1189 2227 ιιαλοῖ
1205 2168 1268 2227 τῶν
1282 2164 1369 2242 βασι-

260 2250 339 2315 λέων
359 2256 421 2314 ΚΠ
440 2255 573 2337 παλατέρι
597 2254 743 2333 κείμενος.
787 2252 918 2310 basilico
937 2261 1128 2330 nuncupetur
1148 2228 1187 2309 oh
1206 2248 1367 2307 Anastasio

259 2338 334 2395 bibl.
347 2340 380 2395 in
393 2336 551 2415 Agathone
565 2341 625 2398 1³1³.
638 2360 669 2418 p.
686 2339 739 2404 64.
771 2348 802 2396 et
811 2338 968 2415 palatium
985 2340 1018 2394 in
1034 2339 1137 2394 Leone
1153 2354 1178 2393 u
1193 2354 1225 2413 p.
1239 2336 1291 2396 ⁵6.
1323 2335 1368 2391 ite

260 2424 297 2480 eb
324 2421 430 2479 eedem
453 2424 548 2501 figure
569 2422 694 2481 domum
716 2421 871 2504 quendem
894 2426 927 2480 in
950 2422 1031 2479 urhis
1046 2430 1208 2499 eonspeotn
1221 2413 1369 2497 τροδλλοιι

257 2509 383 2565 nornine
406 2506 549 2565 denotem
573 2509 676 2567 scribit
699 2510 763 2568 Leo
787 2509 1007 2565 Grammaticus
1022 2526 1054 2585 p.
1067 2504 1141 2568 458·
1183 2503 1275 2561 trudit
1290 2504 1369 2562 Pro-

259 2594 364 2669 oopins
388 2590 604 2671 hemisphaerii
627 2591 810 2651 testudinem
832 2602 957 2651 eotenus
970 2590 1009 2649 de
1021 2588 1168 2649 industris
1182 2608 1302 2647 sursum
1317 2598 1368 2646 te-

259 2679 349 2734 nuari
369 2694 403 2734 so
424 2675 551 2736 deficere
573 2688 607 2736 ut
627 2698 682 2757 per
703 2680 799 2757 ipsine
814 2689 967 2757 operturus
981 2676 1038 2734 lux
1053 2678 1145 2733 intret
1161 2674 1293 2731 effetim:
1313 2672 1370 2736 παλ

264 2762 414 2824 διαλείπει
425 2757 459 2825 τδ
473 2758 664 2844 οἰκοδόμημα
674 2760 750 2825 sorel
763 2758 871 2843 βραχύ,
884 2762 1052 2842 ἐξεπίτηδες
1063 2758 1245 2841 παρειμένον
1255 2762 1370 2821 τοσοῦ·

261 2868 316 2909 τον
341 2842 415 2910 ὅσον
437 2844 509 2923 τοδς
532 2844 663 2931 χοίρους,
685 2840 724 2911 οδ
737 2845 777 2927 δὴ
789 2845 825 2911 εδ
839 2847 1023 2933 διῃρημένον
1036 2850 1093 2926 τῆς
1104 2844 1280 2923 οἰκοδομίας
1293 2846 1370 2925 ξομ·

162 2990 166 2999 .
261 2932 364 3012 βαίνει
384 2926 478 3010 εἶναι,
508 2933 639 3015 φέγγους
658 2935 791 3015 διαρκοῦς
811 2928 950 3018 οἲγοιγοδς
969 2926 1058 2995 εἶναι.
1100 2950 1166 2990 rem
1185 2928 1369 3005 mirandem,

262 3019 364 3097 inquit
381 3019 586 3095 Silentiorins,
608 3021 720 3077 intueri
736 3021 824 3095 lieet,
846 3030 882 3078 ut
903 3020 1021 3077 inferne
1045 3019 1136 3076 letior
1156 3017 1271 3075 senum
1290 3014 1369 3074 defi-

263 3104 340 3177 oiet,
371 3114 402 3162 et
424 3106 457 3163 in
479 3105 584 3163 orbem
604 3107 701 3165 veluti
725 3106 844 3164 oselnm
870 3105 1066 3165 convolvetur
1081 3100 1219 3176 testudo,
1247 3102 1369 3180 peret

259 3206 292 3247 r.
312 3191 374 3253 78:

426 3270 488 3337 Ιοτι
505 3267 537 3336 δ’
549 3272 626 3337 ἰδεῖν
640 3272 716 3356 μέγα
727 3268 868 3355 θάμβος,
891 3268 975 3347 beor
986 3268 1063 3335 παεδ
1077 3267 1169 3354 βαιδν
1184 3270 1277 3335 totos

427 3352 569 3439 εὐρυτέρη
585 3356 641 3438 μέν
657 3359 801 3439 ἔνερθεν,
822 3354 942 3445 ὕπερθε
959 3356 993 3424 δέ
1009 3362 1096 3439 μεῖον
1107 3350 1240 3441 οἲνέρπει,

428 3438 469 3517 cte
480 3438 573 3517 πόλος
584 3438 771 3523 ηέρόφοιτος.

260 3530 304 3588 its
328 3528 421 3587 etism
445 3526 607 3608 Agathino,
628 3530 682 3589 ubl
703 3529 741 3589 de
759 3526 1000 3610 hemisphaeriot
1021 3526 1074 3591 stol
1085 3525 1209 3610 γέγονεν
1222 3522 1369 3589 Meton

221 3669 226 3684 .
261 3610 385 3689 ιέαότιος
399 3610 541 3695 ἰθύτερος
553 3612 609 3693 μέν
622 3615 673 3677 sol
689 3610 907 3695 εδεπλοτροφος
918 3613 972 3678 sol
983 3608 1177 3693 πανταχόθεν
1192 3615 1232 3697 τῇ
1243 3614 1370 3695 γραμμῇ

260 3694 420 3778 titudine,
441 3694 619 3781 στενότερος
640 3697 674 3765 δέ
696 3700 749 3765 stol
769 3694 912 3781 δξντενεὶς
925 3698 979 3761 καλ
992 3694 1058 3773 οῐος
1071 3693 1128 3779 oriz
1143 3692 1224 3760 osteo
1239 3699 1307 3758 λλαν
1320 3696 1368 3758 έπ-

260 3781 402 3868 πλήετειν
423 3780 496 3859 rode
515 3784 692 3867 θεωμένους
715 3784 757 3859 ele
777 3780 890 3858 odins,
910 3788 1013 3868 πολλῷ
1026 3782 1060 3847 δέ
1074 3778 1157 3862 δρας
1169 3780 1262 3845 πλέον
1276 3781 1309 3845 έν
1321 3780 1369 3864 τῷ

261 3865 392 3948 depulsi
407 3868 578 3952 depopuletur.
622 3874 664 3929 its
680 3882 782 3931 eutem
795 3874 909 3932 semim
921 3880 1060 3929 tenuetur
1075 3880 1106 3927 et
1122 3867 1221 3927 defioit
1235 3864 1367 3940 testudo,

258 3966 294 4015 nt
315 3958 446 4037 symboli
466 3956 594 4035 figurem
615 3957 739 4035 effingat
759 3966 789 4014 et
810 3958 1002 4037 αομβαλιιιοδς
1022 3957 1163 4013 oiroiuote
1185 3955 1238 4028 sit,
1269 3961 1304 4010 ut
1321 3960 1369 4010 est

260 4038 341 4121 opud
365 4046 576 4121 Anonymum:
599 4044 642 4101 sio
662 4044 744 4100 enim
760 4040 893 4101 seonndo
909 4050 1093 4111 exstructam
1109 4036 1224 4118 prodit,
1246 4057 1286 4095 no
1299 4056 1370 4095 rur-

260 4146 329 4185 sum
346 4125 481 4203 eederet,
505 4127 559 4190 ἵνα
576 4123 618 4209 μή
635 4121 729 4189 πάλιν
741 4126 853 4207 ταχέως
865 4123 964 4189 πέσοι.
1005 4144 1083 4205 quoe
1105 4123 1231 4205 quidem
1251 4132 1368 4181 oetero-

260 4230 327 4270 rnm
342 4212 503 4272 summm
515 4214 566 4272 rol
577 4211 731 4273 tholorum
751 4213 850 4273 formo
872 4213 965 4271 etiem
984 4210 1057 4285 fnit,
1078 4220 1113 4269 nt
1124 4229 1236 4288 nempe
1249 4208 1369 4267 inferne

263 4298 385 4359 latiores
406 4300 521 4361 sensim
539 4300 573 4359 in
594 4296 757 4381 sphoerom
778 4297 950 4362 desinerent
972 4306 1063 4380 etque
1079 4293 1156 4356 odeo
1171 4296 1222 4358 ori
1237 4294 1370 4355 formem
