3017 4817
253 283 326 354 126
714 274 887 346 saravi!

250 451 353 597 itiaque
374 437 683 532 δπαατοασνμρῆτης
702 453 748 505 est
765 438 933 527 κράτιστος
954 445 1018 505 τοῖν
1040 443 1205 525 βασιλικῶν
1216 467 1358 530 γραμμα-

250 559 269 598 τ
284 557 337 598 οον.

335 655 366 714 p·
382 635 421 696 63
436 653 465 693 v.
478 635 532 696 22.
574 629 693 716 πέμπτῃ
716 629 769 694 eet
792 623 910 710 sledda]
939 627 1161 711 Theophanes:
1191 626 1292 718 τοάτφ
1310 637 1356 718 τῷ

251 721 310 785 hes
331 721 453 802 (Leonis
468 715 502 796 1)
526 718 584 780 tot.
597 712 635 800 γ’,
662 719 702 802 τῇ
712 715 811 802 ἡμέρᾳ
826 719 882 779 τοῦ
898 708 1013 796 πάσχα,
1035 716 1168 797 ἔστέφθη
1186 721 1357 781 amover-

252 813 335 879 οἴνας
349 799 410 866 άπὸ
427 801 560 876 Λέοντος
576 807 634 865 τοῦ
648 801 758 882 πατρδς
774 797 872 864 usitati
888 799 921 862 ἒν
939 806 983 884 τῷ
1006 803 1213 885 Τριβουναλίῳ
1230 807 1292 865 τοῖν
1308 799 1358 866 a‘i'

253 885 455 970 άτκουβίτοον.
497 890 611 947 facorm
627 885 659 946 id
675 905 702 944 a.
716 891 789 962 720,
812 886 895 966 cyclo
908 887 998 945 lunae
1014 890 1065 964 18,
1088 889 1173 966 cyclo
1187 889 1260 947 solis
1273 891 1355 968 cpo-

250 978 347 1036 litano
363 972 415 1038 24.
458 977 604 1033 terminus
618 970 769 1052 paschalis
785 976 826 1036 29
843 973 958 1044 Martii,
980 993 1050 1030 anm
1067 992 1128 1053 qua
1151 973 1352 1053 προσθοτα14

252 1073 282 1120 et
305 1063 518 1122 eonmrreutes
535 1065 550 1123 1
576 1059 675 1138 (male
694 1061 776 1115 enim
791 1055 873 1136 apud
887 1058 1074 1135 scaligerum
1088 1061 1121 1114 in
1133 1060 1264 1116 Maximi
1279 1061 1357 1118 Rota

164 1151 239 1208 1³82
256 1159 302 1206 est
318 1152 347 1208 A
364 1165 417 1223 pro
432 1151 461 1206 A
476 1147 507 1202 in
522 1155 648 1224 unaque
662 1141 815 1220 editione)
836 1140 910 1200 dant
924 1143 979 1200 fer.
991 1147 1021 1205 6.
1063 1141 1133 1200 ideo
1147 1142 1358 1221 paschaiiar-

254 1235 290 1292 tii
306 1235 344 1296 51
363 1229 446 1307 cyclo
462 1230 534 1288 solis
547 1233 683 1286 Romano
698 1228 734 1302 1,
756 1229 802 1285 lit.
818 1224 899 1284 dom.
913 1227 947 1285 F.
990 1237 1068 1286 errat
1088 1229 1181 1306 igitur
1202 1227 1359 1308 Nicepho-

254 1335 320 1391 τοι,
342 1315 393 1374 vel
406 1311 569 1392 legendum
580 1307 686 1396 πρώτῃ
700 1310 752 1373 καὶ
764 1306 912 1392 τριακάδι.

339 1437 372 1496 p·
387 1413 428 1479 64
445 1435 475 1474 ν.
494 1420 522 1476 1.
566 1411 725 1477 δεκαεννέα
747 1406 953 1493 άττουβίτοον]
983 1409 1188 1492 Theophanes
1208 1415 1242 1472 in
1261 1434 1289 1472 a.
1309 1418 1353 1479 31

257 1503 433 1562 Iustiniani:
467 1495 541 1562 ὥστε
563 1496 600 1562 τά
623 1499 654 1574 ἐξ
679 1497 774 1572 ἕδους
792 1492 940 1580 γενόμενα
966 1493 1072 1576 domo
1097 1493 1140 1560 ιδ’
1166 1495 1355 1579 άκκουβίταν

161 1620 167 1634 ·
258 1589 406 1663 ἔπαυσεν,
427 1583 479 1647 καὶ
492 1581 548 1663 τήν
563 1578 682 1660 τούτων
697 1582 801 1658 ἔξοδον
814 1588 877 1654 τοῖς
890 1588 1019 1660 πτωχοῖς
1032 1581 1169 1647 δέδωκεν.
1213 1604 1289 1665 qnae
1310 1589 1356 1643 ita

257 1669 388 1732 reddidit
411 1670 524 1728 Paulus
548 1671 671 1729 Diacon.
696 1669 719 1727 l.
740 1671 796 1731 16:
818 1666 918 1725 sedet
938 1678 1047 1724 saneta
1071 1667 1184 1726 Chao
1198 1674 1357 1728 wiennae

257 1757 370 1836 absque
384 1754 441 1812 illa
459 1755 595 1834 (corona)
610 1754 754 1832 prooessit
767 1754 801 1810 in
813 1751 979 1822 ecclesiam,
1000 1753 1046 1810 ito
1058 1764 1095 1810 ut
1108 1756 1197 1812 ettam
1202 1757 1356 1833 prandiis,

257 1863 338 1924 qnae
357 1862 392 1900 ex
411 1861 490 1898 more
498 1839 587 1914 fiunt
602 1841 636 1896 ιὀο
652 1841 691 1903 19
704 1835 905 1910 mouimus,
925 1857 1040 1896 amara
1052 1837 1182 1918 suaerat,
1202 1852 1233 1898 et
1249 1861 1354 1899 eorum

257 1947 399 2006 expensas
415 1926 514 2004 egenis
528 1923 678 1982 αίάιιονον.
1025 1979 1031 1994 ,

341 2025 383 2084 ih.
400 2046 430 2085 ν.
442 2025 475 2088 8.
517 2020 593 2088 νατά
615 2019 686 2096 sodo
707 2021 853 2105 χρόνους]
875 2043 903 2083 a.
921 2025 1033 2085 Leonis
1056 2030 1113 2102 10,
1146 2023 1262 2108 dequo
1280 2022 1356 2086 vide

174 2179 178 2190 ¹
256 2110 493 2192 Theophanem,
515 2109 573 2170 hoo
585 2111 823 2186 castinacum,
844 2108 1066 2170 etcedremm.

342 2212 383 2270 ib.
399 2233 429 2272 ν.
445 2215 475 2276 9.
517 2217 556 2298 τῇ
567 2211 643 2297 Ἱερᾷ
655 2211 825 2298 καλουμένῃ
839 2208 941 2294 νήσῳ]
962 2213 1070 2273 Strabo
1087 2214 1110 2270 1.
1127 2215 1158 2275 1.
1200 2212 1238 2272 de
1255 2209 1359 2274 Thera

259 2308 290 2360 at
306 2297 455 2358 Therasia
468 2299 585 2357 Plinius
600 2299 623 2356 l.
640 2302 660 2362 2
675 2309 705 2358 et
718 2299 833 2358 Seneoa
846 2301 866 2362 6
883 2302 952 2358 Nat.
966 2300 1087 2371 Quaest.

342 2421 375 2480 p.
392 2397 432 2465 66
450 2420 478 2459 ν.
494 2403 525 2464 6.
569 2402 695 2478 Κοσμάς
718 2397 767 2479 di]
789 2397 897 2459 lndiot.
920 2403 975 2478 10,
996 2401 1112 2482 Aprilis
1131 2403 1171 2468 18
1194 2393 1289 2460 victus
1312 2407 1358 2457 ast

258 2487 400 2560 Cosmus,
422 2487 463 2542 ait
477 2481 680 2562 Theophanes
695 2505 722 2544 a.
738 2487 849 2544 Leonis
863 2487 914 2549 10.

346 2569 388 2627 ib.
405 2589 433 2628 ν.
451 2572 500 2632 16.
543 2567 595 2631 καὶ
611 2564 811 2649 συγγράφειν]
834 2567 893 2630 hoo
906 2572 1029 2650 contigit
1042 2567 1226 2650 Theophani
1237 2589 1264 2626 a.
1275 2571 1356 2627 heo·

258 2655 308 2712 nis
321 2653 372 2727 18,
394 2653 480 2712 nobis
498 2650 544 2715 11.
588 2651 740 2732 depositus
755 2666 801 2714 est
812 2675 884 2715 vero
898 2657 931 2716 S.
944 2659 1109 2715 Germanae
1120 2657 1252 2714 Ianuarii
1265 2652 1312 2711 die
1322 2655 1356 2726 7,

260 2741 303 2798 ait
320 2736 539 2818 Theophanes,
560 2737 667 2797 ludiot.
683 2742 739 2814 18,
760 2741 836 2798 feria
850 2744 881 2805 8.
923 2741 978 2802 sed
998 2761 1157 2820 perperam
1170 2759 1226 2820 pro
1238 2739 1313 2796 feria
1325 2738 1359 2813 7,

261 2835 313 2884 aut
339 2835 416 2883 oerte
439 2826 570 2884 Ianuarii
586 2828 606 2887 3
622 2823 796 2903 legendum.
840 2836 904 2884 erat
927 2829 1028 2906 oyolus
1046 2828 1119 2885 solis
1140 2832 1198 2899 11,
1219 2825 1306 2882 litera
1321 2827 1361 2882 A.

262 2927 322 2990 quo
337 2908 386 2968 die
403 2908 550 2968 indictum
566 2911 657 2968 sacris
671 2911 853 2987 imaginibus
870 2912 1038 2985 silentium,
1062 2920 1096 2968 ut
1109 2912 1243 2990 loquitur
1254 2909 1362 2977 Theo-

229 2989 233 2994 ’
260 2992 393 3074 phanes,
414 2995 451 3052 ab
472 2992 691 3052 haereticorum
713 2993 804 3054 huius
823 2999 965 3074 temporis
986 2996 1129 3074 signifero
1148 3005 1177 3054 et
1191 2991 1358 3052 execrando

261 3081 374 3138 Leone.
418 3077 495 3138 sedit
517 3081 683 3139 Gennanus
707 3099 734 3138 a.
751 3081 791 3144 14
807 3080 882 3144 m.5
904 3079 934 3140 d.
945 3087 977 3148 7.
1021 3077 1359 3144 eclanumiiwsuffe-

261 3173 326 3222 stan
341 3167 369 3222 ei
384 3174 428 3222 est
444 3167 629 3224 Anastasius.

260 3327 328 3392 m.
346 3251 655 3408 &fitiffttt
665 3245 1362 3407 3³.t‘115i”.i.⁰i¹13isitiiuitiitfi

260 3417 363 3478 scribit
376 3413 591 3496 Theophanes.
634 3417 760 3478 Indictio
773 3423 793 3482 9
812 3423 910 3500 ooepit
926 3439 954 3478 a.
970 3422 1005 3479 0.
1020 3422 1101 3497 740,
1124 3420 1207 3501 oyolo
1224 3419 1296 3478 solis
1307 3421 1361 3492 21,

260 3503 308 3563 lit.
324 3501 404 3562 dom.
416 3503 452 3561 B.
495 3504 538 3562 ita
555 3505 619 3561 0ct.
633 3505 673 3566 26
688 3503 764 3562 feria
776 3503 807 3566 1.

345 3587 387 3646 ib.
405 3607 434 3647 ν.
449 3590 500 3653 18.
542 3586 669 3667 τέσσαρα
682 3589 734 3650 καὶ
747 3587 858 3669 εἴκοσι]
880 3589 941 3669 leg.
958 3585 1031 3669 μετά
1046 3588 1176 3671 τέσσαρα
1189 3586 1242 3650 τα]
1257 3586 1361 3650 εἴκοσι.

260 3671 331 3732 vide
348 3690 424 3751 quae
438 3691 528 3752 snpra
546 3672 772 3753 disputavimus.
816 3674 901 3735 addit
920 3673 1143 3756 Theophanes:
1166 3673 1231 3747 deoc
1247 3664 1288 3752 ἦν
1303 3665 1365 3734 ciui

263 3755 319 3840 pis
342 3758 465 3830 κτίσεως
488 3754 605 3839 κόσμου
624 3756 699 3821 κατά
721 3759 884 3840 Ῥωμαίους
903 3755 999 3847 ‘gono'
1017 3755 1077 3824 άπδ
1096 3755 1206 3840 Ἀδάμ,
1232 3752 1309 3819 κατά
1330 3751 1364 3817 δὲ

262 3843 450 4000 Λέγόοντττίουὲ
463 3839 561 3944 ᾔγουν
572 3837 774 3926 Ἀλεξανδρεῖς
786 3841 887 3929 ,ςσλβᾎ
909 3837 970 3909 άττδ
982 3842 1016 3909 di
1032 3847 1187 3910 Φιλίστου
1199 3839 1276 3906 κατά
1289 3845 1366 3904 Μα-

259 3948 294 3990 ste
330 3949 384 4000 νας
403 3951 429 4011 ,α
473 3971 484 3989 .

344 4009 386 4068 ib.
402 4031 432 4070 v.
447 3951 497 4074 19.
541 4007 684 4092 διάδοχον
701 4009 735 4074 di
752 4017 808 4093 τῆς
824 4007 938 4098 iasio]
960 4011 1069 4075 eodem
1084 4033 1114 4072 a.
1126 4013 1190 4080 741
1208 4010 1318 4074 Indiot.
1332 4013 1363 4086 9,

261 4094 342 4152 Iunii
357 4099 395 4158 18
414 4096 627 4158 Constantinus
642 4101 802 4178 imperium
817 4103 955 4180 capessit.

344 4178 390 4240 ib·
406 4199 437 4238 v·
450 4184 502 4245 20.
543 4177 738 4264 Ἀρτάβαζος]
761 4183 964 4246 Artabasdum
982 4183 1065 4246 hano
1084 4179 1291 4262 Theophanes
1307 4199 1364 4258 ap-

263 4261 375 4342 pellat,
396 4262 434 4323 de
449 4285 508 4346 quo
522 4267 619 4328 sanius
633 4271 706 4346 agit.
774 4333 779 4341 ,
