3017 4817
240 296 286 347 n.
637 331 645 347 .
704 268 881 357 Qunam

244 455 275 506 et
293 442 392 505 iorma
411 438 572 503 verborum
587 436 717 501 nitentes
731 436 929 501 oonaidnntor
941 442 974 497 et
984 444 1175 497 anawanum
1216 433 1274 499 aad
1285 432 1348 499 boe

244 546 346 627 ipsmn
358 543 489 604 nimium
503 541 536 601 in
551 538 759 601 oouseotandis
772 540 903 601 ῆοιοοίἰι
917 548 949 599 et
961 538 1074 601 salibus
1088 535 1240 616 studium,
1262 537 1348 623 quod

244 651 360 709 senaim
373 646 535 730 obrepente
548 642 685 703 barbarie
700 651 731 703 et
739 644 843 705 nativo
856 642 1046 726 eloquentiae
1053 643 1151 703 nitore
1162 639 1348 723 deperemte

244 748 447 832 sophistarum
467 744 619 828 peouliare
637 744 713 821 init,
743 744 817 805 vitio
835 746 937 827 potius
954 764 1048 829 qoam
1065 740 1151 805 laudi
1167 742 1348 805 vertendum

245 850 367 915 Pisidae
379 870 441 913 non
455 847 650 928 negabimus:
675 847 788 907 roimua
801 848 884 907 enim
898 856 934 907 ut
952 858 1035 909 aetas
1049 847 1197 929 posterior
1210 847 1298 907 noris
1315 855 1349 906 et

247 956 409 1038 exquisitis
431 950 615 1013 ornamentis
637 949 680 1008 tu
699 949 810 1029 scripta
831 951 1024 1031 resperserit,
1044 960 1078 1009 ut
1089 947 1164 1009 dmn
1176 966 1349 1008 sermonem

247 1058 361 1117 eximia
373 1055 520 1118 suavitate
534 1046 686 1127 ooudiret,
711 1050 848 1131 vigorem
859 1052 1030 1113 extenuarit
1042 1061 1072 1112 et
1084 1070 1194 1113 nervos
1208 1050 1349 1111 robustae

245 1178 400 1241 aeneaque
412 1154 551 1217 diationis
562 1150 713 1213 inoidarit.
755 1172 849 1235 quare
862 1155 908 1214 nii
921 1156 1033 1213 mirum
1044 1153 1245 1213 recentiorum
1254 1155 1351 1213 Gree-

248 1278 352 1321 oorum
364 1258 466 1339 palato
482 1265 601 1317 tantum
615 1252 750 1335 aapniaae
765 1256 882 1316 iambos
894 1254 1034 1333 Pisidae,
1062 1266 1099 1317 ut
1111 1275 1164 1317 eos
1178 1256 1246 1316 aliis
1260 1275 1352 1337 prae-

247 1360 327 1421 ferre
341 1380 404 1420 non
417 1356 636 1419 dubitaverint:
657 1374 730 1415 nam
737 1356 899 1436 Gregorius
906 1354 1043 1417 Corinthi
1055 1359 1213 1439 episeopus
1225 1361 1260 1419 iu
1272 1358 1353 1417 libro

249 1460 320 1545 περὶ
336 1452 505 1539 συντάξεως
520 1452 625 1544 λόγων,
648 1454 686 1519 de
703 1460 922 1520 oonstruotione
936 1459 1095 1537 orationis,
1122 1463 1177 1542 qui
1192 1470 1293 1521 exstat
1303 1479 1353 1521 rus

249 1564 284 1625 iu
298 1565 442 1625 Vatioana
454 1560 655 1637 bibliothecen,
677 1579 801 1621 oarmeu
814 1562 978 1621 iambicum
990 1560 1113 1623 Pisidae
1124 1564 1187 1623 tale
1197 1582 1265 1623 esee
1282 1564 1354 1623 exi·

252 1666 396 1743 atimavit,
417 1676 451 1725 ut
465 1683 506 1724 ex
521 1683 558 1723 eo
572 1674 730 1745 tamqnam
742 1664 965 1725 absolutissimo
978 1666 1154 1747 exemplum
1164 1676 1267 1745 petere
1278 1684 1354 1745 prae

252 1768 359 1827 oetaeis
375 1764 550 1825 debeamus.
571 1761 637 1827 isai
650 1755 708 1828 oda
720 1760 759 1827 sd
774 1764 897 1846 ἰαμβεῖα
909 1766 1097 1849 ioyquapio
1108 1767 1156 1842 sic
1171 1764 1251 1830 iotae
1263 1762 1356 1847 edov-

250 1874 352 1951 θμος,
374 1860 535 1949 ζηλοῦοθο
557 1882 607 1929 σοι
622 1863 675 1928 sei
687 1858 721 1929 od
731 1860 980 1947 hammonis
993 1865 1027 1931 dv
1039 1860 1155 1944 ποιοῖς.
1177 1866 1252 1949 tzor
1263 1860 1359 1951 siui-
1380 1914 1384 1919 -

251 1992 349 2034 ramos
362 1964 418 2033 ao'r
433 1966 576 2048 Hmidqs,
597 1964 762 2052 samiqooe
775 1962 828 2033 ada
841 1972 1030 2051 Κολλιιιλῆι,
1047 1964 1099 2036 adr
1113 1968 1357 2053 ammian-

252 2093 322 2154 μον,
343 2070 394 2136 arai
410 2070 496 2146 ιῖιις
510 2072 656 2145 τοιοῦτος.
699 2066 734 2133 is
749 2074 815 2145 τοῖς
827 2075 968 2147 κολοιοῖς
979 2067 1031 2137 οὖν
1047 2068 1208 2159 θεολόγοι,
1227 2068 1284 2136 ao'e
1293 2076 1358 2137 Σο-

253 2174 385 2255 φοκλῆν,
407 2168 490 2247 lardo
500 2174 563 2236 saie
576 2174 742 2253 ποιητικῶν
759 2166 934 2255 ἰδιωμάτων
945 2166 1057 2253 oderis,
1081 2168 1120 2239 ed
1135 2168 1358 2257 εὖφροὸἱοηοι

253 2276 313 2337 voti
326 2268 535 2357 Λυκόφρονος
546 2270 599 2339 aui
612 2274 681 2339 aiu
695 2278 834 2339 τοιοῦτον
844 2271 884 2356 *).
927 2274 983 2337 red
996 2288 1109 2360 quanta
1128 2278 1221 2338 fuerit
1234 2275 1358 2337 Pisidae

256 2378 382 2459 eiusque
394 2376 562 2437 carminum
575 2374 658 2457 apud
669 2372 794 2436 eoadem
799 2378 930 2440 Graecos
944 2382 1122 2459 aestimatio,
1142 2381 1235 2460 longe
1245 2382 1357 2442 melius

257 2474 396 2539 addisoaa
419 2478 604 2554 exAllatio,
632 2478 686 2560 qul
705 2478 740 2535 in
759 2477 894 2540 motta
906 2478 944 2539 de
961 2484 1101 2563 Georgiia
1113 2506 1149 2564 p.
1166 2488 1230 2550 810
1247 2493 1359 2544 testem

257 2576 383 2639 adhibet
407 2578 559 2654 Psellmn,
597 2576 681 2660 quod
700 2579 839 2661 plerique
857 2579 994 2642 Pisidam
1013 2582 1151 2667 Euripidi
1171 2603 1360 2665 oompame,

257 2680 347 2741 multi
366 2690 548 2762 anteponere
569 2697 632 2739 nou
652 2680 719 2739 siue
742 2683 838 2742 animi
853 2686 1059 2763 eontentione,
1087 2688 1141 2746 lite
1160 2689 1255 2747 etiam
1264 2700 1359 2766 mota,

95 2818 121 2875 Ρ,
132 2800 249 2858 mvl
258 2784 525 2866 praesumpserint.
574 2781 619 2841 nil
632 2781 722 2862 plana
736 2778 795 2843 bao
809 2783 900 2845 laude
911 2788 1005 2848 Paelli
1021 2790 1054 2847 in
1066 2788 1203 2850 Pisidam
1213 2788 1360 2851 bonorib-

260 2890 376 2949 oeutius
394 2906 459 2947 esse
479 2884 586 2968 possit.
628 2905 734 2946 rerum
748 2905 810 2946 uon
827 2886 903 2949 adeo
914 2890 1005 2951 sanila
1018 2902 1065 2953 eat
1077 2912 1115 2952 ea
1129 2895 1248 2971 omnia,
1279 2914 1360 2977 quae

259 2988 511 3065 iaudatPaellua,
538 2990 571 3047 in
583 2987 687 3049 Pisida
707 2991 854 3051 invenire.
894 3012 1045 3077 namquo
1068 2995 1102 3054 iu
1122 2997 1202 3057 libro
1221 2999 1361 3078 talpae-

260 3104 342 3153 mate
358 3103 422 3152 tam
444 3090 553 3151 diserte
576 3110 610 3151 ae
627 3093 831 3172 partiouiatim
847 3104 951 3156 noster
961 3096 1108 3177 Georgius
1120 3101 1184 3179 agit
1196 3091 1235 3159 de
1248 3101 1361 3181 aurigis

262 3214 298 3252 eo
312 3190 350 3251 de
365 3194 568 3275 aurigatione,
590 3190 628 3253 de
645 3194 735 3275 iugis,
756 3197 830 3255 rotis
843 3207 874 3256 et
884 3196 1050 3259 modionst
1079 3202 1131 3261 vel
1145 3219 1296 3282 quaenam
1315 3212 1363 3263 ast

261 3296 342 3353 inter
360 3296 425 3355 eiua
445 3296 578 3354 oauuiue
600 3294 637 3355 de
657 3294 875 3378 phalangibus,
906 3296 945 3359 de
965 3302 1101 3383 equitum
1114 3300 1313 3386 peditumque
1327 3323 1363 3365 ao

262 3396 486 3474 ngittarionam
506 3400 589 3456 varia
609 3401 724 3459 ratione
742 3412 806 3460 tam
826 3414 963 3462 aoourata
979 3400 1164 3486 desoriptioi
1207 3426 1285 3465 num
1302 3408 1364 3467 alia

264 3518 357 3580 quam
378 3518 456 3581 quae
476 3498 569 3560 bodie
584 3512 705 3565 exstant
717 3504 827 3584 scripta
837 3502 958 3565 Pisidae
968 3506 1087 3567 Psallus
1100 3507 1309 3585 oommendat,
1333 3520 1365 3569 at
1433 3556 1438 3565 .

263 3600 375 3661 librum
386 3599 576 3683 deperditum
591 3604 826 3667 oomtnonatrati
868 3604 1011 3689 equidem
1022 3609 1136 3685 fateor,
1162 3610 1197 3670 id
1209 3609 1290 3669 mibi
1299 3623 1363 3671 sta·
1439 3610 1442 3615 ’

264 3706 320 3763 tim
340 3706 470 3765 muitum
488 3706 642 3788 probabile
662 3728 727 3768 asae
749 3708 866 3769 risum:
903 3708 959 3771 sed
986 3732 1056 3773 oum
1082 3717 1249 3775 aoouratiua
1270 3717 1364 3777 Pseili

264 3806 356 3865 verba
375 3808 501 3891 eiusque
517 3806 636 3869 dioeudi
656 3809 781 3870 modum
798 3811 1033 3893 perpenderem,
1058 3824 1125 3875 tum
1146 3815 1364 3879 demumaanai

264 3928 302 3967 ea
319 3928 396 3993 quae
411 3908 514 3971 Pisida
535 3912 711 3972 summatim
728 3916 892 3995 attigisset,
924 3937 943 3976 a
957 3918 1059 3978 Prelio
1075 3919 1202 3979 mirifioe
1221 3923 1364 3981 exornari

266 4020 356 4093 atque
369 4012 556 4094 amplifioaai.
597 4032 669 4075 nam
681 4014 764 4098 quod
776 4018 804 4078 is
816 4019 859 4079 ait
870 4019 908 4078 de
920 4019 1031 4081 morbis
1041 4033 1071 4081 et
1084 4022 1236 4097 remediis,
1250 4034 1366 4085 aomm

337 4226 362 4296 ¹)
373 4228 409 4287 af.
421 4228 533 4287 nutet
543 4230 667 4292 dnadot.
679 4250 704 4304 p.
718 4234 793 4291 1082.
