3017 4817
161 349 174 376 ι
248 306 307 377 m
716 280 890 367 cumen

248 462 295 517 est
308 446 429 516 eredere
447 442 578 510 eundem
596 448 709 509 librum
729 449 778 511 bis
800 450 895 512 fuisse
913 445 1030 511 editum
1049 445 1168 512 duobus
1185 449 1274 515 mis
1288 452 1351 515 sibi

246 559 387 643 proxime
401 552 669 635 subsequentibus,
700 550 755 613 sed
773 554 873 634 ipsam
891 556 992 634 potius
1005 549 1171 613 editionem
1183 553 1241 613 sub
1254 554 1352 615 finem

248 662 321 723 anni
339 656 420 725 1584
439 658 589 735 inceptum
609 674 706 737 usque
733 654 774 715 ad
796 657 919 717 initium
941 655 1022 721 1585
1040 666 1222 736 protractam
1241 658 1353 735 iitisse,

249 759 332 847 qnod
346 756 483 821 eiusdem
496 757 628 816 Morellii
650 759 777 838 epistola
796 760 1013 839 nuncupatoria
1026 757 1066 817 ad
1079 758 1224 819 Sialetum
1238 758 1352 819 Gurdi—

247 866 352 925 ualem
369 860 490 921 ridetur
509 856 654 919 suadere:
684 858 754 919 date
768 868 815 918 est
825 862 908 919 enim
920 858 1069 921 distortio
1081 862 1196 921 mensis
1211 862 1350 924 Octobris

250 965 389 1029 exeuntis
405 964 477 1021 anni
494 960 585 1027 1584.
606 982 694 1041 porro
706 962 812 1044 paucis
824 972 893 1043 post
905 964 991 1023 aunis
1003 961 1087 1023 idem
1100 983 1177 1043 opus
1191 960 1231 1021 ed
1243 983 1352 1025 amus-

250 1070 326 1144 sim,
354 1063 411 1125 sed
435 1068 537 1125 minus
562 1066 715 1144 eleganter
740 1084 880 1125 recusum
897 1075 943 1125 est
964 1086 1006 1127 ex
1023 1065 1155 1125 editione
1171 1066 1353 1125 Moreliiaut

250 1168 469 1247 Heidelbergae
484 1165 543 1227 hoc
557 1170 660 1229 titulo:
682 1165 867 1251 Ἑξαήμερον
878 1163 948 1250 ἤτοι
958 1166 983 1249 ἡ
992 1167 1178 1251 ιιοσμονργία
1188 1171 1246 1231 τοῦ
1262 1168 1353 1232 Haci-

252 1271 309 1345 dov
322 1264 464 1352 διακόνου
483 1268 535 1333 sui
554 1264 783 1351 χαρτοφύλακος
798 1274 854 1351 τῆς
873 1265 1001 1353 μεγάλης
1020 1274 1076 1333 τοῦ
1086 1274 1166 1335 θεοῦ
1181 1269 1351 1351 Musica.

253 1376 309 1439 τοῦ
324 1366 421 1435 αὐτοῦ
442 1372 565 1452 ἰαμβεῖα
583 1372 629 1446 εἰς
645 1367 699 1436 cdv
715 1364 845 1452 μάταιον
859 1372 939 1452 βίον.
986 1371 1071 1451 Opua
1084 1393 1136 1433 sex
1147 1374 1278 1447 meum,
1297 1396 1352 1435 aas

254 1476 363 1535 mundi
377 1474 531 1555 opificium
548 1474 672 1555 Georgii
686 1475 810 1535 Pisidae
828 1474 950 1533 (Ιιὶιωιιί
966 1483 996 1531 et
1013 1473 1224 1553 referersdarii,
1247 1476 1352 1555 (ipoli-

255 1588 346 1639 tanae
359 1577 498 1654 ecclesias
510 1576 633 1654 poium.
679 1577 810 1636 melem
820 1579 933 1637 senarii
944 1576 981 1635 de
993 1578 1128 1636 varum
1138 1579 1227 1638 vdua.
1273 1590 1354 1658 ety-

147 1739 149 1748 ,
249 1680 421 1762 pograplsio
433 1680 480 1738 Η.
501 1678 678 1737 Ocmnaelini
687 1700 769 1739 curro
786 1678 877 1757 1696,
892 1682 930 1756 8,
952 1699 1013 1762 quo
1025 1682 1059 1739 in
1070 1680 1160 1742 titulo
1172 1700 1226 1739 cnr
1237 1678 1354 1759 Pisida,

247 1786 310 1866 ,qui
323 1785 434 1841 Graece
448 1780 619 1839 inscribitur
631 1776 824 1861 χαρτοφύλαξ
831 1824 841 1858 ,
871 1782 978 1841 Latine
991 1780 1107 1841 dicatur
1116 1782 1353 1862 referendarum,

252 1887 344 1967 plane
357 1902 419 1943 non
432 1900 584 1963 assequor.
626 1902 733 1941 verum
750 1880 802 1943 blo
822 1903 904 1943 error
920 1884 979 1944 fuit
996 1884 1143 1961 Morellii,
1164 1887 1219 1967 qni
1234 1887 1354 1967 primus

201 2044 205 2056 ,
245 2008 307 2071 «pro
329 1983 559 2065 chartophylace
579 1981 711 2044 reddidit
731 1985 976 2064 rossa-ardutium.
1033 1996 1153 2068 praeter
1172 1985 1229 2048 bas
1251 1998 1355 2048 autem

252 2107 315 2149 non
335 2090 409 2147 novi
430 2088 505 2147 alias
526 2108 591 2147 ease
608 2088 700 2147 factas
714 2084 836 2147 divisim
849 2087 986 2149 eiusdem
997 2090 1182 2149 Hexcb'msrs'
1194 2088 1355 2169 editiones,

253 2191 436 2251 coniunctim
453 2201 555 2252 autem
569 2211 638 2269 cum
654 2192 722 2251 aliis
734 2194 833 2271 poetis
848 2192 898 2251 vel
911 2192 1070 2272 patribus
1060 2202 1172 2253 aterum
1182 2195 1355 2275 iterumque

247 2290 385 2374 prodiit
376 2314 408 2351 m
420 2294 532 2354 lucem.
575 2304 675 2355 exstat
688 2296 771 2352 enim
788 2295 901 2353 Graece
916 2304 947 2351 et
961 2296 1095 2355 Lutine'
1084 2315 1119 2354 m
1134 2315 1257 2376 corpore
1272 2298 1355 2357 Poe-

251 2404 352 2455 tarum
364 2397 546 2456 Graecorum
558 2399 757 2476 Tragicorum
770 2406 801 2455 et
814 2398 1005 2457 comicorum
1020 2399 1160 2458 Generae
1176 2398 1257 2463 1614
1277 2410 1351 2457 tous.

251 2500 324 2575 212.
343 2494 421 2571 241,
450 2516 507 2556 uec
525 2517 588 2557 non
610 2500 642 2555 in
665 2496 831 2577 appendice
848 2501 1003 2577 Bigueana
1022 2500 1103 2563 Bibt
1117 2503 1242 2560 Petrum
1255 2501 1355 2563 Paris.

252 2596 338 2663 1624
345 2617 382 2675 p.
401 2598 472 2673 887,
488 2608 518 2657 et
529 2600 563 2657 in
574 2596 704 2657 editione
711 2600 792 2658 Bibl.
800 2603 925 2659 Petrum
932 2602 1108 2661 Momlliana
1115 2604 1211 2663 Paris.
1227 2598 1355 2667 1644-

254 2696 337 2763 1654
350 2707 420 2757 tom.
439 2696 497 2777 14,
527 2702 634 2759 Latine
658 2710 760 2761 autem
779 2712 899 2762 tantum
912 2705 946 2761 in
957 2702 1102 2764 Bibliotb.
1117 2708 1241 2765 Petrum
1255 2706 1356 2765 Paris.

258 2799 338 2865 1589
362 2810 433 2859 tom.
449 2804 470 2866 8
484 2822 520 2881 p.
537 2804 616 2879 818,
647 2806 722 2863 etin
737 2814 814 2864 tomo
831 2806 870 2867 12
891 2804 1195 2865 Bibl.Pat1umedit.
1210 2804 1356 2886 Lugduni

250 2922 294 2981 μ·
304 2904 377 2967 323.
420 2922 525 2963 rerum
537 2925 628 2965 nemo
644 2926 685 2967 ex
701 2906 753 2983 iis,
784 2908 838 2988 qni
850 2908 939 2967 toties
950 2904 1127 2968 recudendis
1140 2908 1282 2987 operibns
1297 2910 1356 2968 Pi-

256 3001 339 3063 sidae
359 3022 483 3065 menum
501 3006 716 3087 admoverunt,
738 3006 758 3067 is
778 3010 916 3069 Morellio
933 3011 1099 3091 paullisper
1120 3007 1275 3070 discedere
1292 3028 1355 3069 uec

256 3102 424 3189 quidquem
437 3108 547 3172 addere
561 3114 612 3174 vel
622 3115 784 3171 immutare
796 3131 886 3179 ausus
900 3123 961 3187 est,
991 3131 1155 3194 omnesque
1169 3113 1202 3171 in
1215 3115 1280 3172 eius
1293 3109 1355 3171 fide

257 3212 379 3271 omniuo
395 3214 617 3295 acquieverunt.
636 3236 692 3275 uos
705 3225 808 3275 autem
822 3212 861 3274 de
872 3215 1004 3273 Morellii
1018 3212 1175 3293 diligen&
1187 3215 1222 3273 in
1234 3210 1354 3273 edendo

256 3312 370 3372 Graeco
383 3324 471 3375 textu
484 3317 530 3373 nil
544 3317 715 3397 querimur:
741 3320 807 3398 ipse
827 3318 909 3375 enim
926 3335 990 3401 npn
1011 3336 1052 3375 ex
1064 3313 1174 3375 eodem
1183 3314 1286 3374 sirleti
1298 3334 1355 3374 co-

255 3412 337 3491 dice,
366 3434 426 3497 quo
448 3428 553 3497 postea
573 3438 645 3479 usus
664 3428 710 3481 est
724 3420 902 3495 Bruncllus,
929 3414 1013 3500 qnod
1030 3415 1207 3497 imprudens
1226 3418 1356 3477 asseruit

133 3547 161 3602 p.
171 3528 239 3587 ΧΠ
254 3518 408 3579 Fabricius
422 3529 491 3581 tom.
507 3523 528 3584 7
538 3541 575 3600 p·
595 3526 674 3599 692,
703 3543 791 3583 suem
806 3520 962 3582 adornavit
982 3518 1163 3596 editionem,
1183 3517 1239 3579 sed
1251 3518 1355 3599 plures

254 3619 373 3683 codices
393 3620 528 3704 undique
548 3626 728 3706 conquisivit
743 3645 778 3685 ao
790 3626 954 3700 recensuit,
983 3621 1067 3704 quod
1084 3625 1151 3703 ipse
1174 3620 1306 3679 affirmat
1320 3622 1354 3679 in

251 3724 375 3803 laudata
394 3725 520 3805 epistola
533 3728 760 3807 nuncupatoria.
802 3746 909 3787 verum
918 3744 981 3783 non
993 3724 1066 3785 satis
1078 3724 1241 3803 probamin
1255 3724 1324 3783 eim
1336 3740 1355 3779 e

254 3829 368 3889 Graeco
383 3830 563 3905 versionem,
586 3846 677 3909 quarn
692 3827 767 3889 dura
780 3826 945 3888 admodum
956 3828 1024 3905 lege
1037 3825 1096 3885 sibi
1105 3828 1301 3906 praescripta,
1320 3833 1355 3883 nt

254 3930 375 3991 Pisidae
399 3932 516 3991 iambos
542 3927 670 3991 totidem
689 3932 806 3993 Latinis
833 3931 942 3991 iambis
961 3932 1160 4009 exprimeret,
1197 3929 1355 3989 obscuram

254 4030 330 4093 adeo
344 4044 375 4093 et
387 4034 538 4094 inficetum
548 4032 684 4113 pluribus
696 4034 730 4091 in
741 4034 817 4092 locis
832 4030 974 4108 reddidit,
994 4041 1029 4089 ut
1042 4050 1105 4094 non
1117 4049 1214 4091 unaun
1227 4028 1353 4089 audire-

256 4136 315 4193 rim
329 4155 451 4219 gravem
465 4139 574 4213 virum,
597 4136 717 4194 Graecis
730 4135 838 4195 litteris
850 4156 913 4195 uon
925 4134 1093 4210 imbutum,
1114 4132 1310 4213 confitentem
1321 4151 1355 4192 se

256 4234 335 4297 nihii
362 4240 485 4297 ormrino
512 4258 553 4299 ex
578 4257 614 4299 ea
641 4237 680 4297 ad
699 4238 887 4300 intellectum
906 4257 1011 4319 capere
1031 4236 1209 4300 adimuenti·
1230 4238 1354 4316 'itaque
