3017 4817
569 314 779 382 acroasin
803 316 847 383 Π.
1190 317 1261 389 163

146 476 296 560 periodus
328 480 504 541 absolvitur«
552 499 606 541 eur
627 483 720 560 igitur
742 478 847 541 Pisida
871 479 1133 560 sanguinariormn
1155 502 1261 563 regum

156 576 293 624 catenam
318 566 478 645 multiplici
500 562 580 624 nodo
602 569 752 627 intextam
768 568 856 625 nobis
872 578 1092 645 repraesentat,
1108 571 1171 650 'qui
1188 590 1260 631 mu-

156 653 216 711 tuis
230 672 262 710 se
277 649 418 711 caedibus
433 650 660 711 interfecerinti
682 652 713 729 ἐξ
732 646 870 733 αἱμάτων
883 648 992 714 ὤδινεν
1006 642 1144 732 αἱμάνων
1154 648 1257 735 γόνον.

156 734 210 797 sed
222 756 322 817 neque
335 733 414 795 illud
427 756 533 796 rerum
547 746 601 812 est,
623 736 714 797 hosce
727 748 788 797 tres
803 756 890 817 reges
904 735 1005 795 afiliis
1017 738 1112 798 fuisse
1126 742 1257 799 occisos:

154 840 227 881 nam
247 820 394 881 (lhosroes
415 824 531 897 senior,
552 820 684 901 Agathia
704 833 780 883 teste
789 844 826 900 p.
845 827 925 897 272,
943 840 1079 882 maerore
1093 825 1257 900 confectus,

155 905 413 987 quodalilaurioio
420 908 599 985 imperatore
607 910 827 969 circmnventus
834 910 992 986 victusque
999 908 1257 989 fiumegmmgiis

153 994 274 1071 palatiis
288 988 490 1072 Ctesiphontis
503 988 645 1057 moleise
658 990 714 1057 τόν
729 995 808 1075 βίον.
842 1011 920 1053 num
930 994 1024 1071 igitur
1036 992 1197 1054 dicendum
1211 1006 1258 1055 est

152 1096 215 1136 non
237 1079 271 1133 in
294 1075 376 1136 diem
398 1096 458 1157 quo
478 1075 625 1139 Ghosroes
641 1081 741 1139 iunior
753 1087 890 1139 moratus
906 1088 969 1153 est,
985 1076 1040 1137 sed
1057 1082 1091 1138 in
1108 1100 1179 1139 eum
1194 1101 1257 1163 quo

152 1171 322 1237 natusest,
343 1160 518 1222 Pisidanam
528 1163 702 1243 periodum,
726 1162 838 1244 deque
851 1167 966 1242 agimr,
988 1162 1143 1243 desinere,
1165 1178 1256 1248 atque

151 1249 194 1305 ita
216 1266 338 1326 prorsus
357 1247 555 1326 intelligenda
574 1270 639 1310 esse
663 1268 740 1329 quae
761 1249 903 1327 leguntur
924 1269 1021 1311 versu.
1035 1252 1101 1321 198Ι
1118 1262 1148 1310 et
1169 1250 1257 1315 1999

151 1330 208 1391 sed
228 1351 329 1413 neque
347 1330 406 1391 hac
426 1330 530 1392 habita
547 1344 720 1413 temporum
740 1336 856 1392 rationo
870 1330 992 1392 Pisidae
1007 1333 1169 1415 descriptio
1182 1356 1257 1416 oon·

151 1417 236 1477 venit
250 1434 320 1475 cnm
333 1419 371 1477 iis
386 1437 465 1498 quae
482 1414 520 1475 de
534 1420 640 1477 ceteris
655 1421 815 1478 Persarum
828 1418 951 1496 regibus
963 1431 1132 1480 narrantur.
1163 1440 1257 1502 quare

149 1501 344 1563 statuendum
362 1514 504 1583 putamus
525 1504 575 1563 vel
591 1502 729 1564 nondum
743 1506 816 1563 satis
829 1502 987 1581 explorata
998 1523 1065 1563 esse
1082 1524 1161 1585 qnae
1178 1509 1258 1567 circa

149 1606 258 1666 regum
281 1591 443 1647 Persarum
471 1589 683 1668 genealogiam
709 1590 827 1668 scriptis
850 1584 1035 1647 mandarunt
1058 1610 1127 1648 cum
1150 1592 1257 1651 Graeci
1337 1635 1347 1645 .

149 1682 216 1731 tum
237 1673 307 1753 Syri
329 1675 505 1753 scriptores,
527 1675 579 1735 rel
591 1672 729 1733 Pisidem
741 1694 804 1749 non
817 1671 858 1732 ad
873 1683 987 1733 rectam
999 1671 1161 1735 historicae
1176 1679 1259 1735 veri-

149 1761 220 1817 tatis
233 1778 390 1834 nonnam,
412 1758 469 1817 sed
480 1778 521 1817 ex
534 1761 646 1838 politici
658 1762 775 1838 ingenii
783 1757 929 1833 ⁴liberiore
941 1756 1055 1818 iudicio
1070 1769 1100 1819 et
1114 1761 1257 1821 factrltate

149 1862 238 1903 suam
262 1846 488 1923 sanguinariam
511 1853 648 1903 catenam
673 1844 872 1918 confinxisse,
895 1854 930 1901 ut
947 1847 1086 1904 omnium
1102 1844 1208 1907 odium
1223 1849 1257 1906 in

148 1929 257 1989 Persas
271 1948 437 2009 eorumque
451 1927 689 1988 dominationem
700 1930 820 1989 facilius
834 1938 1031 1989 converteret.

235 2016 308 2077 186.
350 2007 492 2095 ἔμφραγή
514 2012 599 2073 idem
618 2033 655 2073 ac
677 2010 872 2098 ipppaypig,
893 2012 1066 2075 chesneau·
1087 2014 1141 2076 hic
1155 2028 1257 2077 autem

147 2096 352 2178 metaphorice
369 2118 424 2178 pro
444 2098 544 2157 caede.
852 2110 858 2121 ·

234 2185 308 2248 188.
350 2203 412 2242 non
434 2185 541 2243 inscite
561 2186 687 2257 Persae,
715 2191 750 2241 ut
772 2180 928 2243 Pharisaei
943 2186 977 2242 in
993 2186 1167 2265 evangelio,
1187 2208 1257 2267 yer-

145 2263 268 2349 νήματα
293 2268 421 2349 ἐχιδνῶν
448 2271 655 2349 appellantur,
686 2286 726 2327 ex
749 2278 888 2329 veterum
910 2281 1067 2329 eumarum
1083 2270 1256 2347 traditione,

146 2373 209 2436 qus
230 2356 352 2433 viperae
373 2355 547 2414 ferebantur
567 2374 618 2413 cre
641 2354 738 2429 coire,
760 2353 892 2413 feminae
912 2357 1077 2436 voluptatis
1095 2355 1255 2416 dulcedine

148 2441 242 2499 maris
268 2450 357 2520 ceput
381 2439 572 2520 praecidere,
592 2450 623 2497 et
642 2439 722 2499 fetus
741 2442 848 2500 matris
867 2451 989 2501 utenun
1010 2439 1153 2520 erodere3
1175 2462 1255 2524 quae

146 2544 242 2607 quam
257 2526 335 2585 falsa
351 2528 429 2602 sint,
456 2524 549 2586 hodie
560 2544 652 2585 nemo
665 2528 796 2603 ignorat.

235 2614 307 2675 190.
348 2616 462 2694 κλῆρον
478 2611 670 2671 hereditatem
686 2610 826 2689 intelligo
848 2631 914 2671 esse
926 2608 1092 2671 vindictam
1106 2632 1147 2671 ex
1157 2632 1255 2693 nuper

146 2696 241 2755 allata
258 2707 396 2757 vetemm
413 2694 666 2779 philosophorum
685 2693 723 2754 de
742 2696 855 2775 viperis
876 2698 1037 2776 opinione,
1055 2716 1150 2781 quam
1161 2698 1254 2787 tradit

145 2780 317 2843 Herodotus
335 2786 355 2845 3
381 2786 453 2845 109.

232 2870 306 2931 198.
347 2862 662 2943 videeuprav.184.

232 2950 305 3015 194.
348 2953 505 3011 notissima
524 2960 594 3009 sunt
612 2952 747 3009 locastae
769 2948 902 3029 flagitia,
924 2969 1003 3030 quae
1019 2969 1089 3009 cnm
1100 2958 1170 3031 post
1185 2951 1253 3010 Laii

145 3036 247 3097 mariti
259 3038 367 3097 necem
380 3036 495 3115 Oedipo
510 3035 572 3093 filio
595 3038 748 3114 nupsisset
768 3047 799 3094 et
817 3054 858 3092 ex
873 3036 1101 3113 eoPclynicem
1116 3046 1147 3095 et
1159 3039 1255 3096 Eteo-

146 3123 228 3181 clem
248 3126 418 3202 genuisset,
452 3121 511 3181 sibi
532 3138 640 3179 manus
659 3122 771 3179 intulit.
813 3117 927 3179 videsis
947 3118 1040 3179 Diod.
1060 3121 1122 3181 sie.
1143 3122 1201 3181 lib.
1221 3120 1253 3198 4,

146 3208 296 3267 Senecam
309 3211 344 3267 in
361 3208 476 3287 Oedepo
492 3217 522 3265 et
536 3207 693 3285 Hyginum
707 3226 739 3263 n.
755 3208 808 3270 76.
1335 3270 1340 3280 ,

232 3294 304 3359 197.
347 3293 462 3367 ἐκεῖνος
480 3295 604 3351 Artaser
621 3292 673 3351 vel
687 3293 852 3351 Artaxares
867 3290 918 3350 rel
930 3292 1121 3351 Artaxerses.
1163 3285 1255 3356 πόλιν

145 3378 332 3437 Darantasim
345 3381 396 3439 vel
407 3374 637 3456 Dastagerdam.

232 3465 306 3525 200.
348 3465 382 3521 iu
403 3464 542 3523 omnibus
562 3465 725 3523 Persarum
742 3462 868 3540 templis
889 3472 975 3520 eraut
997 3462 1080 3541 Magi
1100 3461 1255 3523 custodiae

146 3546 228 3627 ignis
245 3545 396 3607 destinati.
429 3546 499 3607 vide
512 3568 608 3627 snpra
618 3548 748 3607 Acrona.
768 3549 787 3610 1
809 3551 862 3622 23,
882 3547 936 3605 ubi
951 3545 990 3605 de
1004 3548 1121 3625 templo
1132 3549 1253 3623 Graeci,

146 3635 180 3691 in
194 3652 255 3713 quo
268 3630 367 3711 erataf
381 3625 482 3711 πλάνη
496 3636 559 3695 τῶν
571 3626 741 3712 ἀνθράκων
755 3630 920 3699 whom
935 3634 1111 3708 impostm-

231 3716 307 3782 204.
349 3715 554 3797 Theophanes
568 3737 587 3777 a
595 3739 633 3796 p.
647 3722 709 3784 267
724 3715 764 3777 ad
772 3738 809 3795 p.
825 3720 889 3781 269
907 3715 1073 3776 Ghosroam
1084 3727 1169 3777 metu
1181 3736 1254 3797 per-

146 3802 282 3879 culsum,
302 3801 489 3883 Dastagsrda
507 3804 628 3879 relicta,
651 3822 740 3861 amne
753 3800 881 3882 Tigride
898 3804 1037 3877 traiecto,
1059 3803 1139 3861 ultra
1155 3804 1255 3861 Ctesi-

145 3886 295 3967 phontem
314 3889 430 3968 fugisse
450 3899 569 3965 narrem
591 3886 673 3949 rende
695 3889 852 3947 Heraclius
871 3906 942 3945 vere
962 3899 996 3946 ut
1015 3886 1150 3962 fulmen,
1170 3888 1256 3947 ntrllo

148 3974 330 4052 obsistente,
352 3975 465 4055 ubique
479 3977 590 4050 victor,
612 3972 831 4054 Dastagerdam
844 3992 898 4051 spe
912 3973 1000 4031 citius
1014 3974 1182 4051 occuparit.

147 4108 151 4117 .
233 4060 309 4125 205.
352 4054 619 4142 σχημντονργήσας
636 4055 739 4141 φόβον
753 4061 903 4119 incutiens
914 4060 1055 4116 timorem
1070 4058 1179 4117 bellico
1197 4077 1255 4138 ap-

145 4154 254 4225 paratu
288 4156 319 4205 et
346 4144 511 4219 incendiis,
542 4146 650 4225 quibus
670 4142 827 4205 Persidem
848 4143 909 4202 late
929 4143 1067 4202 restabat
1086 4144 1252 4220 Heraclius,

146 4224 206 4312 oriz
223 4224 318 4309 ἐνεόν,
339 4242 374 4289 ut
393 4230 479 4291 idem
498 4232 660 4310 imperator
678 4242 753 4292 teste
772 4228 963 4309 Theophane
970 4250 1009 4308 p·
1026 4232 1090 4293 270
1103 4227 1254 4291 chosroae

147 4318 285 4396 scripsit,
306 4320 472 4398 πυρπολῶν
490 4310 550 4397 τὴν
566 4318 717 4400 Περσίδα,
739 4310 816 4381 oillei
833 4314 985 4397 βιασθείς.

190 4426 289 4496 Georg.
312 4426 396 4481 Pisid.
1005 4416 1047 4482 14
