3017 4817
273 301 348 375 118
433 296 437 305 ’
521 297 735 384 omanus
758 297 805 366 n
829 271 1136 366 mummolam

272 727 350 786 tium
365 743 445 782 anno
463 735 625 804 poatquam
643 721 716 782 inde
736 733 840 782 eontra
855 724 963 781 Peraea
979 721 1174 782 dimieamma
1191 721 1383 798 diaoemerat,

272 809 329 871 ted
342 828 466 870 ormam
477 811 594 868 reticet.
613 806 800 888 Nicephorna
807 807 982 886 cpolitauur
990 819 1093 866 autem
1106 811 1207 866 omnia
1222 829 1383 888 perperam

272 893 463 956 confundam
477 893 516 952 de
529 891 588 952 heo
598 896 697 974 prima
709 891 905 974 expeditione
917 893 1050 952 Heraclii
1064 893 1183 952 nullam
1194 898 1382 954 mentionem

272 983 357 1040 feeit.
399 978 477 1040 liaeo
495 991 600 1038 tamen
617 990 704 1040 erant
724 977 831 1038 aedulo
851 977 1003 1054 notanda,
1029 997 1070 1037 ne
1084 998 1145 1060 qua
1158 981 1287 1040 oriretur
1299 979 1382 1038 diffi-

273 1068 381 1126 oultea.
422 1075 507 1145 petet
524 1067 609 1124 euim
630 1085 671 1124 ex
686 1064 790 1125 Piaida
812 1064 987 1124 Heraoiium
1009 1083 1089 1122 anno
1113 1067 1236 1144 imperii
1258 1069 1305 1124 ani
1328 1068 1380 1138 18,

274 1150 388 1211 tlhriati
407 1155 470 1216 628
492 1170 533 1209 ex
550 1153 694 1213 Armenia
715 1153 750 1209 in
767 1147 932 1210 Thraciam
950 1168 1122 1223 reveraum,
1150 1161 1186 1208 ut
1197 1148 1380 1228 foedifragos

275 1237 391 1296 Abarea
405 1237 601 1314 reprimeret,
629 1256 665 1295 ao
680 1235 777 1296 tribua
793 1246 863 1315 poet
876 1235 963 1293 anuis
978 1253 1048 1294 oum
1060 1232 1155 1293 iidem
1168 1236 1282 1294 Abaree
1299 1237 1381 1314 (lpo-

275 1323 334 1381 lim
348 1320 478 1402 diripere
493 1333 585 1402 atque
601 1332 736 1381 evertere
749 1323 849 1380 moliti
862 1329 950 1395 runt,
970 1322 1004 1380 iu
1018 1317 1143 1380 Peraide
1156 1322 1310 1380 Heraclius
1322 1319 1382 1379 de-

277 1409 380 1486 gebat.
421 1404 492 1465 vide
505 1405 635 1466 debello
649 1406 751 1466 Avar.
765 1406 828 1472 246
843 1418 872 1464 et
881 1426 964 1486 eeqq.

363 1489 438 1558 828.
480 1489 579 1551 oodex
593 1489 646 1551 hio
656 1489 749 1551 habet
763 1492 958 1566 versiculum,
985 1491 1038 1570 qui
1053 1488 1201 1570 legendae
1213 1509 1289 1549 mox
1298 1490 1382 1551 renit

278 1579 336 1639 rub
354 1597 481 1636 numero
495 1580 576 1642 ⁸282
602 1573 682 1642 orion
701 1573 736 1641 tri
748 1571 863 1641 πιστόν.
904 1595 960 1636 noa
979 1585 1125 1658 tanquam
1144 1571 1291 1662 περισσὸν
1311 1577 1383 1634 reii-

263 1681 267 1685 ’
280 1661 425 1724 olendum
435 1683 501 1722 eree
513 1666 696 1742 putavimus.

366 1752 440 1813 886.
482 1745 687 1827 Theophanen
699 1745 775 1805 itm.
799 1741 817 1810 d
835 1741 870 1809 88
887 1741 1030 1828 βασιλεύς
1045 1742 1102 1810 nir
1120 1741 1249 1828 orpoero'r
1267 1741 1327 1809 nair
1345 1747 1387 1830 τῷ

279 1853 333 1915 erp
420 1836 436 1852 ⁴
447 1828 621 1897 manuale
634 1833 678 1910 εἰς
688 1825 848 1916 Ἀρμενίαν
864 1825 1094 1916 παραχειμάσαι,
1107 1825 1196 1905 αὗτός
1207 1829 1253 1906 εἰς
1265 1825 1388 1906 Βυζάν-

277 1942 346 1984 τιον
368 1914 379 1941 ‘
469 1931 555 1996 σφιν.

364 1937 468 2070 340⁶?Q
481 2021 572 2085 raepe
602 2005 636 2062 in
667 2003 877 2065 eooleaiaatioia
906 2003 1076 2063 auetoribna
1104 1999 1228 2062 ooounit
1254 2000 1387 2060 vernum

278 2082 526 2236 'limiti
535 2086 1277 2236 ffiiiuih'i'viii‘iuii'ilfiiii‘mne‘fflm
1286 2087 1388 2166 '⁵³⁹³

392 2219 402 2251 ,
686 2217 695 2234 .
1037 2217 1044 2234 .
1227 2215 1236 2230 .

366 2258 441 2326 848.
486 2261 590 2320 oonfer
602 2281 698 2339 supra
710 2281 741 2319 ν.
761 2263 824 2326 182
838 2271 868 2318 et
878 2281 961 2341 eeqq.
978 2257 1016 2320 de
1033 2258 1136 2318 Piaida
1151 2260 1186 2318 in
1197 2257 1281 2316 bello
1292 2257 1388 2317 eomi-

280 2357 364 2408 tante
378 2345 568 2422 lleraolium,
596 2365 730 2428 qnorum
748 2346 847 2406 multa
865 2345 1088 2422 familiaritate,
1108 2354 1144 2404 ut
1155 2341 1293 2421 ridetur,
1315 2362 1387 2403 oon-

278 2434 398 2494 innetrn
412 2432 482 2490 fnit.

366 2514 441 2579 849.
484 2511 560 2595 qnid
586 2511 673 2574 lriaoe
696 2515 807 2576 iambis
833 2517 909 2577 velit
929 2513 1050 2592 Piaida,
1090 2535 1152 2575 non
1182 2515 1255 2576 artie
1276 2514 1387 2594 liquet.
1507 2549 1508 2552 =

280 2614 405 2674 rerum,
434 2599 469 2661 ni
481 2601 588 2673 fallor,
614 2597 667 2659 hio
680 2599 798 2661 adludit
814 2600 854 2660 ad
866 2603 1098 2662 severianorum
1111 2599 1278 2674 haereaim,
1305 2617 1387 2678 qnae

280 2696 327 2744 tot
338 2685 440 2745 turbae
454 2686 597 2744 excitarit
610 2685 644 2743 in
659 2688 780 2757 Oriente
798 2698 828 2746 et
842 2688 981 2748 Heraclio
1000 2689 1168 2767 imperante
1184 2684 1283 2746 adhue
1297 2687 1388 2762 rige-

281 2771 345 2831 bat.
385 2768 496 2830 idoirm
510 2779 613 2829 autem
626 2770 699 2831 dioit
718 2793 785 2832 eane
802 2771 919 2832 detecta
932 2775 1076 2854 myateria
1090 2774 1276 2854 iniquitatia,
1305 2767 1389 2850 qnod

283 2857 458 2932 Homolion,
479 2865 515 2915 ut
526 2857 648 2936 opinor,
673 2854 732 2917 hoo
744 2861 844 2938 primo
856 2861 889 2917 in
904 2861 1025 2920 Oriente
1038 2861 1145 2918 itinera
1161 2868 1266 2937 aperte
1279 2854 1388 2935 depre-

283 2939 392 3003 hendit
419 2962 533 3002 errorea
560 2943 638 3001 eirea
656 2943 835 3023 religionem
855 2947 935 3003 inter
951 2941 1137 3004 Christianos
1159 2941 1351 3003 disseminari
1370 2960 1388 2999 a

284 3030 402 3103 Peraia,
425 3039 461 3088 ut
472 3030 602 3088 Romani
613 3029 737 3090 interae
749 3028 959 3090 dissentientes
972 3049 1087 3090 novum
1099 3029 1236 3088 Heraclio
1251 3028 1390 3086 fanense-

285 3125 353 3172 rent
363 3115 530 3193 negotium,
546 3125 577 3172 et
587 3115 758 3176 Romanum
770 3117 933 3196 imperinm
944 3135 1007 3176 non
1018 3126 1137 3177 tantum
1152 3115 1281 3173 exterma
1290 3131 1391 3193 qnam

283 3199 411 3258 internis
432 3210 620 3278 premeretur
639 3199 852 3262 incommodis.
895 3199 978 3283 quod
996 3221 1069 3261 eane
1084 3201 1118 3260 fit
1134 3199 1330 3260 menifeatnm
1346 3217 1391 3256 ex

282 3300 313 3341 v·
326 3285 368 3348 86
382 3295 411 3342 et
422 3305 504 3364 seqq.
522 3305 623 3364 poem.
642 3297 747 3346 eontra
765 3287 907 3346 Severum
915 3310 929 3362 ,-
953 3287 1007 3346 ubi
1027 3288 1115 3368 plura
1130 3287 1217 3346 nobie
1231 3294 1321 3344 eruut
1337 3281 1391 3342 di-

283 3367 380 3426 cenda
394 3365 433 3428 de
444 3367 504 3428 hoo
514 3371 609 3450 impio
622 3369 842 3432 haeredaroha.

369 3455 444 3520 ⁶61.
485 3457 649 3536 multiplex
662 3478 745 3518 error
755 3459 806 3519 rel
817 3455 916 3540 hydra
925 3469 989 3519 erat
1001 3456 1134 3520 haeresia
1145 3459 1287 3534 Manetia,
1310 3475 1391 3537 qnae

284 3557 327 3598 ex
346 3541 507 3599 Portarum
529 3540 734 3604 deliramentis
763 3555 828 3605 orta
855 3555 885 3604 et
904 3545 965 3604 late
985 3557 1149 3626 propagata
1166 3548 1269 3604 verior
1289 3541 1391 3602 induit

283 3635 422 3706 erpeotnr
435 3626 490 3685 rub
503 3629 625 3688 Meneta
638 3632 771 3710 primum
786 3631 869 3711 ipro,
893 3628 1003 3690 deinde
1015 3633 1071 3691 aub
1087 3629 1243 3712 Eutyche,
1265 3625 1390 3688 demum

284 3711 341 3770 rub
354 3711 466 3772 Severo
481 3721 513 3772 et
525 3714 593 3773 aliie
605 3717 772 3775 innumeris
788 3713 953 3775 eorundem
967 3719 1099 3777 aereolir.
1142 3728 1174 3777 at
1187 3735 1270 3776 nuno
1285 3711 1391 3773 Pisida

283 3793 363 3855 lrauo
374 3793 506 3879 hydram
518 3818 612 3860 aniam
623 3811 742 3860 tantum
754 3803 798 3861 ait
807 3800 986 3882 protendere
998 3805 1154 3879 oerrioem,
1176 3803 1292 3863 aoilioet
1306 3817 1390 3860 erro—

282 3901 349 3941 rem
361 3881 654 3964 Monophyaitarnm,
676 3885 810 3947 chosroe
822 3890 901 3948 vir-ea
915 3899 947 3947 et
959 3891 1093 3948 animum
1106 3887 1331 3970 suppeditante.

370 3967 444 4034 863.
485 3967 557 4028 hino
577 3971 696 4031 videtur
712 3991 802 4052 poaae
825 3975 932 4033 ooniici
944 3975 1117 4034 Heraclium
1129 3978 1161 4034 in
1174 3974 1318 4034 Armenia
1328 3967 1392 4030 'de-

283 4062 408 4127 gentem
420 4072 490 4112 oum
503 4055 606 4136 aliquo
616 4053 737 4116 doctore
748 4057 962 4139 Mouophyaita
977 4079 1079 4121 coram
1088 4059 1190 4120 Pisida
1204 4057 1393 4140 diaputme3

287 4150 323 4190 ιο
335 4149 492 4216 propterea
498 4139 635 4200 l’iaidam
649 4141 747 4201 dioere
761 4163 795 4203 ae
807 4147 911 4204 mirari
923 4145 980 4204 hoo
994 4144 1109 4226 hydrae
1120 4148 1233 4206 oollum
1245 4164 1307 4204 non
1321 4161 1395 4202 eane

287 4228 1315 4397 ffitltttlttlilliltlttlttltalell
1315 4237 1398 4372 ‘1¹:21
