3017 4817
257 281 309 354 98
508 282 722 369 omaus
743 284 792 354 lit
816 283 1122 356 EXPEDITIONIS

346 453 419 518 132·
459 451 625 514 mimmum
647 451 820 535 discrepant
845 456 937 516 ceteri
965 452 1117 530 historici,
1149 451 1368 535 Theophanes,

259 533 430 613 Cadianum
451 541 586 600 Zunras
605 549 637 599 et
656 539 861 620 Nicephorus,
884 544 938 624 qui
960 561 1066 602 omnes
1089 537 1251 600 adfirmant
1270 544 1369 600 llere-

260 625 356 682 climn
372 642 452 684 anno
466 626 589 704 imperii
603 626 724 702 aui12,
745 625 859 686 christi
871 631 952 702 622,
974 647 1044 690 cttm
1064 629 1127 686 iam
1144 622 1264 686 Pascha
1286 627 1368 686 cele·

259 714 391 786 bmset,
412 711 515 771 statim
531 713 564 769 in
581 709 738 771 Persidem
751 715 933 792 perrexisse.

346 798 419 864 139.
461 799 496 855 in
515 795 620 856 codice
639 797 747 858 solitus
768 817 874 860 cenem
894 790 1059 882 σεβᾶσμον
1073 797 1107 856 in
1121 796 1291 880 σεβασμίων
1310 819 1366 858 rc-

258 885 364 945 lnisset
375 883 541 942 mmnuri.

345 966 418 1032 140.
461 967 628 1046 imaginem
646 961 879 1049 ripereouolaprou
896 965 1054 1045 describit,
1076 965 1116 1028 de
1137 987 1199 1051 qna
1218 965 1366 1029 ridendus

257 1057 416 1116 Gretserus
431 1053 470 1114 de
482 1053 584 1132 lmg.
604 1071 667 1110 nou
677 1055 798 1132 metuas.
817 1065 888 1112 tom.
903 1055 944 1116 15
954 1077 990 1130 p.
1008 1057 1086 1131 1993
1107 1074 1127 1112 a
1144 1075 1205 1136 quo
1223 1051 1365 1136 equidem

258 1143 292 1202 in
304 1160 342 1199 eo
358 1138 519 1214 dumio,
540 1135 625 1220 quod
635 1147 723 1218 putet
733 1139 915 1216 imaginem,
938 1155 997 1218 qua
1012 1141 1147 1200 munitur
1164 1141 1322 1199 Heraclius
1333 1142 1365 1198 in

257 1223 416 1285 Persidem
434 1227 558 1305 irrupit,
579 1225 674 1282 fuisse
695 1219 892 1303 archetypam
912 1222 1192 1283 eamuhanenaems
1213 1237 1244 1284 at
1260 1225 1364 1305 paullo

258 1313 463 1389 antep.198
486 1330 527 1369 ex
550 1310 724 1387 Menologio
744 1310 811 1388 ipse
833 1317 958 1368 noverat
975 1327 1015 1366 ne
1034 1309 1142 1386 Sergio
1163 1308 1285 1392 quidem
1307 1329 1366 1389 pa-

258 1395 408 1458 triarchae
429 1398 551 1456 licuisse
571 1413 642 1454 eam
660 1397 805 1470 rednere,
831 1404 862 1452 et
884 1395 1002 1452 risione
1023 1391 1156 1475 quadam
1175 1395 1365 1474 perterritum

260 1484 400 1542 coenobii
413 1480 571 1542 cuiusdam
582 1481 768 1560 virginibus,
791 1499 809 1540 a
825 1480 936 1560 quibus
952 1480 1039 1538 illam
1053 1475 1239 1556 abduxerat,
1261 1471 1373 1538 reddi-¹

259 1565 352 1628 disee.
383 1565 536 1650 quomodo
547 1567 642 1645 igitur
653 1563 783 1624 eandem
796 1566 963 1644 imaginem
976 1567 1133 1625 Heraclius
1145 1585 1249 1625 secum
1262 1585 1366 1644 aspor-

259 1664 353 1714 tasaet
371 1656 406 1712 in
421 1649 603 1713 renident
645 1650 789 1733 equidem
811 1671 919 1710 censeo
938 1653 1123 1731 imaginem,
1144 1670 1239 1732 quam
1261 1649 1365 1709 habuit

258 1743 437 1819 imperator,
458 1757 522 1797 non
545 1738 639 1797 fuisse
663 1737 928 1796 Gamnlianensem
948 1734 1005 1796 sed
1028 1737 1121 1796 aliam
1141 1757 1183 1796 ex
1202 1734 1365 1816 archetypa

260 1825 417 1886 Edessena
440 1823 663 1880 accuratissime
680 1821 886 1880 effonnntam:
908 1825 981 1880 satis
998 1823 1082 1882 enim
1098 1833 1216 1902 aperte,
1238 1831 1273 1880 ut
1286 1821 1365 1880 mihi

261 1908 400 1984 ridetur,
419 1906 523 1968 Pisida
535 1903 740 1984 Edessenam,
763 1925 842 1988 quae
855 1925 874 1964 a
886 1903 1004 1966 Christo
1018 1909 1089 1966 lesu
1102 1907 1193 1966 linteo
1205 1909 1365 1986 impressa,

261 2005 294 2054 et
305 1993 346 2053 ad
357 1995 514 2073 Abgarum
524 1995 619 2053 missa
632 1990 756 2068 dieitur,
778 1989 831 2051 hic
844 1987 998 2072 designat,
1020 1992 1181 2053 subiiciens
1193 2011 1262 2050 eam
1265 1991 1366 2071 fruere

260 2082 458 2160 abrepa‘cumr
468 2077 509 2138 ab
523 2081 588 2158 ipro
599 2077 880 2160 verbufigututum
902 2076 984 2160 quod
998 2075 1124 2160 quidem
1138 2076 1176 2136 de
1189 2079 1254 2138 aulo
1268 2075 1366 2137 Edes-

261 2187 336 2228 sena
353 2163 498 2227 traditum
517 2166 698 2246 accepimus.
740 2183 813 2223 nam
830 2160 870 2224 de
883 2163 1109 2224 camulianensi
1125 2159 1224 2239 unde,
1246 2171 1277 2222 et
1289 2183 1365 2272 ‹pno-

258 2251 352 2314 modo
365 2253 458 2312 fuerit
469 2249 643 2328 efformata,
664 2251 756 2332 plane
771 2270 833 2310 non
845 2261 979 2310 cunctat:
1000 2262 1031 2310 et
1042 2251 1181 2332 quamvis
1192 2251 1273 2308 inter
1284 2269 1366 2330 „qas-

257 2333 446 2484 iiiiii
463 2332 1365 2483 {iiiii'iiiittiii‘ii,iiiii,iiii

257 2520 338 2584 tem,
360 2529 400 2567 ne
421 2510 647 2568 camulianensi
663 2505 788 2589 quidem
806 2518 947 2587 excepta,
970 2527 1012 2566 ex
1027 2467 1065 2566 ed
1077 2467 1182 2567 omhes
1198 2440 1295 2566 fidisse
1309 2525 1363 2564 ex·

255 2614 375 2676 pressae
388 2603 418 2652 et
434 2597 610 2676 exscriptas.
654 2613 762 2653 rerum
779 2613 848 2652 oum
865 2593 1018 2653 Edessena
1034 2595 1136 2674 imago
1151 2611 1214 2651 non
1229 2603 1299 2651 ante
1311 2611 1364 2649 an·

255 2697 332 2738 num
352 2677 465 2734 Christi
485 2678 549 2740 914
572 2679 717 2732 translata
738 2678 832 2732 fuerit
853 2681 989 2754 cpolim,
1011 2687 1095 2754 patet
1113 2677 1290 2734 Heraclium
1305 2695 1364 2735 non

255 2757 454 2844 odrdypupoe
466 2756 522 2818 sed
536 2752 716 2839 cirriypupou
729 2759 762 2816 in
775 2758 969 2840 expeditione
984 2761 1105 2818 Persica
1118 2779 1224 2819 secum
1236 2764 1363 2820 circum·

256 2849 374 2908 tulisse.
424 2843 499 2926 quid
519 2842 602 2928 quod
621 2841 775 2904 cedrenus
791 2866 829 2924 p.
849 2842 911 2910 406
932 2847 1089 2904 salvatoris
1116 2847 1284 2924 imaginem
1304 2865 1364 2905 non

256 2933 464 2995 manufactam
476 2950 518 2990 ex
528 2930 630 2989 Africa
643 2949 747 2989 secum
761 2927 925 2990 adduxisse
938 2932 1111 2990 Heraclium
1125 2927 1248 2990 nemeti
1289 2951 1364 2989 num

257 3017 334 3080 haec
354 3039 474 3101 quoque
494 3017 555 3076 fuit
577 3017 834 3091 Cumulianensis,
856 3027 890 3076 ut
912 3017 1051 3076 Gretsero
1073 3014 1195 3097 placati
1236 3018 1363 3075 minime

256 3127 347 3181 vero,
369 3103 424 3165 sed
441 3101 550 3162 eadem
563 3103 636 3177 illa,
658 3112 693 3161 ut
705 3123 804 3182 nuper
819 3101 963 3178 diximus,
986 3123 1027 3162 ex
1041 3101 1196 3162 Edessena
1210 3121 1363 3182 expressa.

257 3191 356 3251 fateor
374 3201 478 3249 tamen
495 3208 557 3248 non
575 3189 704 3248 multam
725 3186 819 3246 fidem
839 3185 1044 3248 adhibendam
1056 3209 1121 3249 esse
1134 3185 1289 3263 cedreno,
1312 3189 1362 3269 qui

258 3277 406 3335 nonsatis
420 3273 590 3354 diligenter,
612 3276 691 3333 utin
704 3283 856 3354 comperto
873 3285 928 3350 est,
950 3271 1174 3355 Theophanem
1187 3275 1362 3353 exscripsit3

259 3380 322 3443 quo
349 3358 474 3441 quidem
493 3361 567 3418 vitio
590 3360 706 3419 laborat
737 3363 829 3418 etiam
856 3361 999 3419 Zonaras.
1054 3357 1262 3438 Theophanes
1283 3360 1364 3417 enim

254 3468 291 3527 p.
308 3445 372 3510 260
395 3444 445 3504 dei
467 3447 589 3521 matris,
610 3465 673 3504 non
697 3446 782 3503 verbi
799 3444 903 3518 ¹divini
923 3447 1089 3524 imaginem
1105 3443 1248 3504 habuisse
1267 3447 1364 3503 Hera·

259 3533 354 3592 olium
369 3533 477 3606 refert,
497 3541 566 3589 tum
580 3551 650 3590 cum
665 3533 800 3611 primum
815 3550 857 3590 ex
872 3529 974 3590 Africa
989 3533 1110 3611 cpolim
1125 3535 1226 3605 venit,
1248 3540 1284 3588 ut
1297 3551 1363 3589 me·

258 3619 319 3678 lius
333 3618 546 3697 explanabitur
561 3615 601 3676 ad
615 3616 833 3680 Hamiroei-2
857 3616 907 3682 tt.
951 3615 1007 3676 sed
1025 3615 1152 3675 dubium
1165 3619 1292 3675 omnino
1304 3617 1363 3675 tol·

257 3703 295 3766 lit
306 3707 373 3786 ipse
386 3702 508 3777 Pisida,
556 3705 589 3762 ui
599 3705 632 3760 in
642 3705 782 3782 proxima
795 3703 919 3762 Acroasi
932 3720 962 3761 v.
976 3705 1017 3766 87
1030 3706 1103 3762 satis
1116 3711 1218 3783 aperte
1232 3699 1363 3760 declarat

257 3807 320 3850 uon
343 3785 446 3854 alaisa
458 3787 514 3849 sed
528 3782 730 3869 απεικόνισμα
742 3791 800 3851 τοῦ
812 3782 992 3870 θεογρόφου
1004 3782 1103 3851 τύπου
1119 3789 1214 3847 fuisse
1230 3788 1362 3866 effigiem

256 3895 316 3957 qua
329 3896 403 3937 usus
420 3884 467 3935 est
478 3875 646 3934 Heraclius.
688 3885 789 3932 ratum
807 3877 899 3952 igitur
920 3873 1101 3955 firmumque
1119 3877 1176 3949 sit,
1197 3876 1361 3952 imaginem

255 3981 275 4020 a
287 3963 428 4040 religioso
441 3963 623 4042 imperatore
636 3959 835 4019 inPersidem
850 3961 974 4019 allatam
988 3960 1083 4020 fuisse
1095 3957 1360 4023 lamuceEdeese-

255 4063 330 4104 nae:
351 4047 617 4106 camulianensem
630 4056 733 4104 autem
745 4044 785 4103 ad
797 4044 982 4124 praesidium
995 4045 1080 4106 urbia
1095 4045 1134 4104 ab
1151 4064 1187 4104 ec
1200 4045 1297 4105 fuisse
1314 4063 1359 4102 re-

256 4131 376 4205 lictam,
397 4129 480 4214 quod
498 4151 540 4191 ex
551 4129 713 4190 Abartbue
725 4132 836 4190 clarius
849 4131 1015 4211 apparebit.

342 4215 414 4280 144.
456 4213 672 4296 Theophanis,
693 4219 747 4297 qui
767 4215 904 4276 Pisidam
923 4236 988 4278 non
1009 4217 1096 4298 sequi
1118 4213 1174 4276 sed
1192 4215 1361 4276 exscribere

255 4297 376 4360 ridetur
383 4342 393 4375 ,
414 4301 505 4360 rerba
519 4305 582 4363 suis
594 4319 731 4384 quaeque
742 4303 819 4363 locis
831 4301 1044 4383 respondentia
1060 4302 1222 4364 subtexere
1236 4301 1361 4375 iurabit,
