3017 4817
287 318 338 398 tt
722 320 784 388 Du
809 318 952 387 canen

287 498 456 551 ueteranum
471 504 549 568 quae
566 504 653 545 muro
670 486 827 563 orientali,
849 486 903 567 qui
920 480 1004 544 aedis
1028 492 1197 563 postremus
1218 492 1280 559 est,
1306 482 1396 541 sdie-
1489 485 1490 566 ,

286 586 375 651 cent,
398 575 515 633 clausos
529 570 665 631 cardines
679 574 796 652 aperire
811 571 984 645 aedituum,
1007 573 1079 650 qnia
1092 569 1227 629 fortassis
1239 590 1293 627 eae
1309 580 1397 629 eraut
1489 569 1490 594 ³

289 672 414 743 portae,
446 677 524 740 quae
550 656 739 717 aedituorum
768 678 856 718 curae
880 656 1095 715 incumbebant
1114 674 1170 714 seu
1192 657 1396 714 ostiariorum
1489 653 1490 692 3

287 766 361 807 nam
380 756 414 803 ut
429 754 475 803 est
491 741 572 823 apud
588 742 738 803 isidorum
751 746 905 803 Iuniorem
916 746 949 801 iu
964 743 1051 823 epist.
1067 738 1107 798 ad
1121 739 1330 815 buittredmn,
1353 740 1399 798 ad
1489 793 1490 808 ,

289 833 447 891 uolturium
461 832 614 907 pertinent
636 829 736 887 claves
759 830 913 901 eucherius,
934 839 970 886 ut
987 826 1115 885 claudat
1135 834 1164 883 et
1179 829 1300 904 aperiat
1319 837 1399 883 uns-
1489 823 1490 844 ³

281 917 374 997 pluens
391 916 453 987 des',
475 925 504 972 et
522 916 625 972 omnia
647 933 725 995 quae
748 926 822 975 sunt
837 918 921 974 utute
940 924 1082 994 extraque
1101 912 1251 970 mntodiet
1258 956 1270 984 ,
1283 910 1398 986 fideles

287 1004 429 1081 receptet,
448 998 583 1075 infideles
599 1008 628 1057 et
644 1002 912 1059 excommunicatos
924 1001 1051 1057 retient.
1096 996 1177 1055 unde
1191 999 1329 1078 nulupoi
1347 996 1399 1056 di-

289 1098 399 1147 cuutur
413 1088 445 1145 iu
461 1084 589 1165 epistole
603 1103 679 1166 quae
693 1086 726 1145 S.
739 1090 857 1165 Ignatio
871 1086 1022 1157 tribuitur,
1036 1092 1067 1142 et
1078 1083 1137 1141 elie
1150 1084 1183 1143 S.
1192 1082 1325 1143 Cornelii
1332 1086 1399 1159 PP,

290 1192 369 1255 quae
387 1181 486 1231 exstet
504 1169 586 1250 apud
601 1172 768 1231 Eusebium
782 1174 859 1231 llist.
873 1172 955 1230 Eccl.
974 1172 993 1232 6
1014 1168 1067 1232 85.
1109 1170 1249 1250 θυρωροί
1268 1172 1301 1226 in
1322 1190 1400 1227 con-

290 1260 360 1317 cilio
376 1255 500 1316 Laodic.
518 1274 584 1315 can.
601 1254 642 1319 34
662 1268 692 1316 et
707 1254 880 1337 Epiphanio
897 1257 930 1313 in
948 1254 1088 1334 Exposit.
1130 1252 1203 1311 fidei
1221 1253 1399 1333 catholicae,

291 1345 352 1403 uisi
375 1362 430 1423 per
453 1360 560 1400 vocem
582 1336 725 1423 νεοκόρος
744 1344 932 1422 intelligetur
950 1338 1165 1413 subdiaconus,
1188 1342 1237 1397 oui
1253 1339 1400 1400 catechu-

291 1448 398 1489 menos
420 1437 450 1486 et
470 1427 659 1507 paenitentes
679 1429 711 1485 in
731 1429 890 1487 ecclesiam
911 1424 1099 1485 introducere
1115 1433 1146 1481 et
1161 1444 1202 1483 ex
1217 1444 1252 1483 ea
1269 1424 1401 1486 educere

291 1512 502 1589 incumbebat,
526 1530 568 1570 ex
583 1512 692 1571 eodem
708 1515 835 1573 concilio
850 1510 1038 1585 Laodiceno,
1060 1520 1095 1567 ut
1109 1528 1238 1569 canones
1256 1514 1298 1573 22
1311 1524 1342 1572 et
1358 1515 1400 1575 23

291 1600 525 1679 interpretantur
545 1600 678 1657 Zonaras
694 1609 725 1656 et
737 1600 915 1672 Balssmon,
936 1592 1194 1677 quemadmodum
1211 1594 1330 1656 diaconi
1348 1618 1402 1656 sa-

292 1687 350 1743 cris
362 1685 489 1743 bematis
502 1682 616 1742 loribus
631 1694 791 1762 praeerunt
804 1694 923 1741 auctore
935 1683 1081 1761 Dionysio
1094 1678 1132 1737 de
1142 1680 1402 1748 Ecclesiastllie-

293 1766 411 1830 rercbla
426 1789 454 1828 o.
467 1766 499 1832 5.
541 1770 584 1826 ita
597 1770 691 1847 igitur
705 1770 895 1828 silentiarius
909 1776 986 1847 pert.
999 1772 1020 1831 2
1035 1786 1065 1824 v.
1080 1764 1139 1831 25:

619 1868 622 1877 '
874 1857 936 1914 sois
950 1874 984 1935 ys
996 1848 1052 1931 μὲν
1065 1848 1165 1913 ἄλλων

459 1928 609 2016 νηοκόρος
622 1930 780 2023 παλάμῃσι
790 1930 944 2018 μεμυκότα
957 1931 1070 2019 θαιρόν
1082 1928 1196 2017 dvotyss

460 2018 600 2099 ἑσπέριον
615 2021 684 2101 nspl
697 2029 814 2102 τοῖχον,
836 2016 1012 2095 ‘duduconis
1029 2021 1091 2083 ἔστι
1104 2015 1268 2100 μελάθρου.

296 2126 386 2188 porro
400 2104 537 2185 pluribus
547 2109 641 2185 portis
652 2110 786 2188 petuisse
796 2106 919 2166 sedium
928 2126 1079 2168 sectarum
1091 2103 1190 2164 editus
1200 2108 1300 2168 innuit
1311 2109 1404 2167 etiam

295 2194 442 2253 Paulinus
461 2194 530 2251 Nat.
545 2192 585 2254 9:

711 2274 887 2354 gaudetque
893 2277 959 2353 piis
970 2297 1028 2334 essa
1043 2277 1161 2334 numu
1173 2278 1257 2336 νίηοί

463 2356 606 2429 coetibus,
627 2368 719 2437 atque
730 2359 852 2438 amplas
862 2359 989 2438 populis
1003 2360 1212 2439 rumpentibus
1222 2364 1314 2423 aedae

463 2442 564 2502 luxuri
578 2444 687 2501 densae
703 2464 862 2502 numerosa
870 2466 929 2523 per
942 2447 1020 2503 ostris
1034 2445 1149 2504 turbae.

297 2524 385 2587 addit
403 2526 523 2607 Gyllius
544 2530 714 2586 maximum
734 2526 882 2609 Sophiaul
902 2531 1008 2610 templi
1024 2530 1141 2590 editum
1158 2532 1196 2591 ab
1213 2552 1323 2592 occasu
1339 2553 1406 2594 esse

297 2612 390 2692 plano
414 2612 510 2691 pedet
542 2632 599 2673 nec
623 2615 719 2688 enim,
747 2625 782 2673 ut
801 2613 973 2675 Pantheum
994 2618 1184 2694 Romanum,
1205 2618 1350 2697 gradibus
1373 2632 1407 2679 ut

296 2698 372 2757 olim
386 2696 509 2757 ascendi
523 2710 575 2757 aut
593 2709 626 2757 nt
642 2717 722 2758 nunc
739 2696 892 2760 descendi.

383 2826 437 2889 26.
478 2823 527 2883 Ab
556 2828 672 2885 oriente
696 2829 785 2887 unice
809 2828 942 2905 aperitur
962 2836 1066 2907 porta,
1096 2848 1173 2909 qus,
1201 2830 1301 2909 iuquit
1322 2828 1408 2888 idem

298 2908 436 2990 Gyllius,
458 2912 592 2991 quinque
612 2910 757 2990 gradibus
775 2910 937 2971 descensus
955 2923 1039 2992 petet
1050 2916 1083 2972 in
1098 2913 1217 2974 eedem.
1260 2916 1408 2977 Silentia·

241 3009 244 3019 ’
300 2998 362 3055 rius
378 3000 536 3075 partis.
555 3000 634 3061 161:

465 3073 533 3141 ἀλλ’
547 3080 597 3143 ἐπὶ
613 3078 669 3162 μὲν
685 3080 848 3144 Φαέθοντα
861 3076 944 3160 nsilsp
956 3083 1021 3159 μία.

299 3166 357 3243 τῆς
378 3155 455 3249 ἑῴας
476 3167 564 3224 istius
583 3162 683 3245 πάλης
703 3170 842 3226 meminit
861 3176 965 3225 suctos
985 3169 1134 3227 Historiae
1153 3167 1191 3228 de
1206 3169 1354 3229 miraculo
1375 3172 1408 3227 in

301 3268 387 3309 sacro
403 3250 546 3309 ecclesiae
561 3262 654 3331 puteo
671 3251 763 3313 edito.
805 3272 861 3333 per
874 3249 954 3309 hene
968 3250 1098 3332 denique
1115 3256 1278 3313 sultanum
1295 3256 1410 3313 Tusci-

299 3352 370 3391 cum
383 3336 531 3414 templum
546 3336 664 3415 ingredi
680 3340 782 3412 aiunt,
804 3358 845 3398 ex
860 3356 920 3417 qua
934 3340 966 3396 in
980 3341 1152 3417 proximam
1167 3340 1270 3399 aulem
1282 3338 1409 3415 secedit,

300 3417 340 3477 sd
359 3420 438 3479 lutus
459 3421 587 3481 bematis
606 3421 805 3483 meridionule
820 3434 1009 3499 exstantem,
1029 3424 1082 3483 ubi
1099 3428 1250 3503 consistit,
1272 3446 1342 3484 cum
1357 3445 1410 3483 sa-

300 3506 359 3563 cris
375 3506 509 3583 profanis
522 3509 655 3568 interest.

385 3634 437 3695 27.
481 3634 619 3717 Denique
635 3634 674 3694 ed
689 3636 925 3717 septentrionem
937 3631 1090 3716 duplicem
1103 3646 1222 3717 portam
1236 3641 1339 3698 statuit
1356 3639 1412 3698 st-

299 3716 456 3777 lentiarius
474 3730 551 3799 part.
567 3726 587 3786 2
601 3742 632 3781 r.
649 3722 724 3785 154:

192 3798 214 3851 Ρ
231 3796 284 3857 643
849 3873 852 3884 Ι
882 3798 958 3885 πρὸς
973 3799 1029 3884 μὲν
1048 3797 1146 3885 uidens

466 3880 605 3974 dossp‘ou
620 3888 767 3971 ξννοχῆος
781 3882 978 3953 domuum
993 3891 1153 3974 θνρέτρων

465 3972 618 4055 διζνγέων.

302 4063 333 4113 et
349 4056 428 4115 infra
444 4076 475 4117 v.
494 4063 572 4123 161:

880 4137 959 4225 πρός
972 4139 1006 4206 di
1018 4148 1160 4225 κελαινῆς

465 4223 575 4300 vverde
588 4226 655 4299 idco
667 4222 777 4306 δισσοῖν
791 4225 841 4289 let
853 4228 971 4290 dsnlldu
987 4226 1060 4307 λαός
1074 4226 1186 4293 ὁδεύει.

299 4319 331 4370 at
349 4330 420 4373 vero
443 4312 484 4371 ad
502 4311 661 4371 meridiem
680 4312 780 4374 nullas
793 4324 893 4395 portes
905 4316 1000 4374 fuisse
1014 4316 1167 4393 observat,
1190 4312 1245 4375 sed
1257 4336 1275 4373 e
1287 4317 1413 4396 regione
