3017 4817
416 312 672 384 DESCRIPTIO
698 314 732 383 S.
758 314 951 384 sotrum.
1186 317 1239 391 99

127 492 210 541 tam:
230 478 378 559 proeeeee't
397 490 499 541 nutem
517 492 546 540 et
566 482 743 561 inpensis
762 482 875 543 Eiram
877 524 893 555 ,
919 502 992 543 ιαιπ
1008 485 1240 561 praecessissent

127 569 323 647 impostores
329 608 345 637 ,
377 568 500 645 sceptris
527 564 755 647 obsequentibus
778 589 837 647 per
863 566 995 639 οοίιοίον
1006 568 1175 645 οπσοίοίιζος
1211 580 1241 632 ee

128 650 360 711 ascendentibue
374 672 434 731 per
446 672 557 711 aeneae
567 664 675 731 portae
688 674 846 713 asomum
859 655 894 713 in
907 652 1132 713 eauehruoeru‘a
1144 656 1240 715 ecele-

128 740 208 810 siae,
228 758 290 796 non
301 740 402 796 exiens
414 739 447 797 in
457 737 596 817 plateam
608 736 733 801 Etnbott
745 750 803 801 ete.
832 740 888 801 ubi
893 739 1003 819 platee
1015 739 1140 799 Emboli
1151 740 1240 803 vide-

129 834 180 885 tur
193 843 261 883 esse
272 823 401 882 inferior
413 826 556 903 porticus.

216 906 270 973 42.
304 906 1085 991 ininterioreporticumeridionaliexstititaedicula
1094 911 1238 989 velaula,

129 996 163 1053 in
173 1012 234 1075 qua
242 997 416 1074 imperator,
426 1016 495 1054 cum
506 1016 659 1058 sacrorum
667 996 814 1057 librorum
821 996 983 1055 lectionem
990 994 1096 1055 auditu
1103 998 1241 1077 excipie-

129 1079 202 1154 bat,
231 1082 395 1139 consistere
409 1081 535 1143 solebat.
579 1086 621 1143 ait
635 1084 718 1143 enim
731 1082 921 1143 silentiarius
935 1092 1014 1141 stare
1028 1080 1068 1140 ad
1080 1081 1242 1143 meridiem

128 1167 284 1243 porticum
296 1186 512 1242 marmoream,
536 1169 764 1249 septentrionali
776 1169 900 1227 omnino
911 1168 1063 1228 similem:
1083 1165 1140 1227 sed
1153 1169 1241 1227 illem

129 1246 245 1309 habere
267 1250 415 1331 quiddam
434 1254 582 1334 amplius:
613 1273 702 1313 muro
723 1254 806 1313 enim
821 1254 976 1313 seclusum
990 1253 1093 1313 locum
1107 1272 1238 1330 servare,
1256 1262 1281 1318 Ρ
1297 1263 1350 1323 554

130 1336 184 1395 ubi
204 1338 403 1417 imperatores
424 1357 579 1399 sacrorum
595 1339 744 1401 librorum
765 1338 929 1407 lectionem
950 1337 1059 1399 auditu
1073 1342 1241 1420 excipiunt.

131 1424 176 1481 sie
188 1422 243 1481 ille
257 1432 338 1503 part.
352 1426 374 1487 2
387 1442 417 1481 r.
433 1420 513 1488 164:

673 1504 733 1587 ίχσι
747 1503 783 1569 dl
795 1529 825 1569 π
839 1504 933 1575 ποίαν
947 1500 1022 1587 ide·

298 1590 388 1695 τείρει
401 1586 461 1673 γᾶρ
474 1614 535 1654 τινι
548 1594 649 1671 χαῖρον
663 1584 872 1675 ἆποκριθίνσα
883 1589 1035 1671 φυλάσσεν

299 1678 465 1740 Αυσονίπν
479 1678 618 1758 βασιλῆϊ,
639 1676 835 1751 θεοσσίπσοκς
849 1676 883 1741 ίν
896 1675 929 1741 io
987 1684 1024 1755 ie,

299 1752 417 1825 tveet’
431 1754 500 1841 ἐμὸς
510 1764 699 1843 σκηπτοῦχος
710 1756 864 1843 ἐφήμενος
872 1754 941 1843 vitei
961 1757 1077 1846 adcinge

302 1838 499 1925 μοσππὸλοις
515 1848 667 1926 βίβλοισιν
682 1842 737 1927 ἑὴν
753 1846 914 1910 ἐπέτασσεν
927 1840 1058 1928 οἶκουήν.

133 1947 174 1987 ex
194 1928 308 2008 quibus
321 1930 442 1989 videtur
453 1951 542 2010 posse
557 1933 658 2010 colligi
673 1930 842 1991 aediculam
856 1952 910 1991 eeu
924 1935 1027 1993 aulam
1039 1934 1130 1989 istam
1148 1933 1242 1991 muris

132 2024 253 2092 septam
272 2034 341 2073 eam
360 2036 440 2090 esee,
472 2035 551 2097 quae
574 2019 739 2077 etiamnum
753 2028 814 2077 stat
831 2015 871 2076 ad
882 2018 962 2077 latua
975 2014 1173 2077 meridionale
1186 2018 1242 2075 be-

129 2100 243 2174 matis,
273 2102 307 2157 in
323 2118 383 2182 qua
400 2121 537 2161 summus
553 2102 723 2161 Tuscorum
738 2103 875 2161 enltmns
889 2104 1038 2174 constetit,
1069 2098 1144 2159 dum
1158 2120 1243 2159 secra

130 2183 265 2263 profana
279 2186 312 2241 in
323 2206 407 2245 sacro
422 2187 496 2244 olim
509 2187 622 2265 templo
634 2197 836 2266 peraguntur,
857 2196 888 2245 et
902 2184 942 2245 ad
954 2201 1048 2266 quam
1056 2204 1113 2265 per
1125 2196 1244 2263 portam

132 2269 317 2329 orientalem
336 2291 376 2329 ex
397 2271 501 2330 Seruio
526 2269 652 2329 accedit.
696 2282 788 2351 atque
805 2267 877 2329 inde
902 2269 1047 2331 docemur
1071 2267 1146 2351 quid
1168 2272 1243 2330 velit

131 2352 274 2414 (lodium
287 2352 323 2413 de
340 2356 425 2415 0ffie.
442 2376 469 2414 o.
486 2356 526 2421 15
540 2376 572 2413 ιι.
586 2352 623 2431 4,
654 2353 727 2415 dom
744 2358 786 2414 ait
801 2357 1015 2435 imperatorem
1031 2358 1065 2415 in
1084 2356 1244 2416 ecclesiam

130 2436 325 2520 Sophianam
341 2439 519 2519 procedere,
545 2442 649 2520 ibique
660 2440 694 2501 S.
708 2442 816 2501 Basilii
830 2444 1018 2521 precationes
1034 2461 1088 2500 seu
1103 2441 1186 2501 illius
1202 2443 1244 2501 li-

130 2524 259 2585 brorum
271 2526 435 2585 lectionem
450 2524 554 2585 auditu
568 2528 724 2606 excipere,
745 2528 834 2585 iuxta
847 2524 1052 2587 diaconieum:
1086 2519 1244 2608 οίπὲρχεσαι

132 2610 176 2685 είς
192 2604 256 2690 τήν
271 2608 363 2692 cirico
378 2612 501 2689 Σοφίαν
517 2608 675 2689 βασιλεύς,
703 2610 756 2673 καί
777 2604 883 2674 risorio
903 2606 980 2693 παρ’
1003 2606 1099 2675 edre
1116 2609 1171 2686 ede
1183 2614 1245 2676 scri

132 2690 271 2778 μεγάλου
300 2698 461 2760 Βασιλείον
492 2690 598 2775 cizic,
635 2697 766 2775 πλησίον
785 2700 842 2759 τοῦ
866 2698 1054 2761 διακονικοῦ.
1078 2714 1170 2756 ¹narn
1191 2694 1244 2757 hic

131 2784 266 2841 sumitur
282 2778 471 2841 diaconicum
484 2800 540 2861 pro
553 2779 701 2843 conchula
715 2782 852 2855 bematis,
874 2800 952 2865 quae
968 2779 1009 2841 ad
1021 2782 1174 2840 sinistrum
1188 2801 1245 2851 seu

131 2864 174 2926 ad
190 2868 275 2925 latus
296 2864 492 2926 meridionale
515 2870 638 2926 maioris
658 2865 790 2926 conchae
814 2876 892 2941 erat,
923 2877 958 2927 ut
975 2866 1056 2925 inira
1068 2867 1242 2949 probamus,

129 2962 227 3034 atque
239 2949 318 3011 adeo
334 2970 412 3032 quae
423 2953 489 3012 loco
504 2949 576 3011 huic
586 2972 673 3011 muro
686 2953 804 3014 secluso
814 2954 954 3031 proxima
969 2962 1041 3026 erat,
1064 2954 1096 3009 in
1108 2970 1168 3031 quc
1181 2954 1244 3009 im-

130 3049 257 3118 perator
265 3040 427 3097 concutere
435 3037 562 3113 solebat,
574 3057 643 3097 cum
653 3056 807 3098 sacrorum
816 3038 961 3095 librorum
972 3038 1094 3096 lectioni
1107 3035 1245 3097 auditum

130 3143 227 3183 suum
237 3122 414 3204 praebebat.
456 3126 604 3183 incertum
623 3142 710 3202 porro
733 3142 772 3181 an
793 3124 871 3181 alius
892 3120 992 3183 eidem
1011 3119 1148 3181 addictus
1164 3132 1245 3184 esset

133 3209 223 3268 loeus
242 3210 277 3267 in
295 3208 438 3283 ecclesia,
470 3206 543 3267 dum
555 3218 760 3268 sacrosanctae
772 3208 913 3286 liturgiae
925 3211 1077 3281 intererat,
1099 3206 1245 3286 proinde-

132 3312 197 3375 que
221 3313 262 3351 an
282 3313 318 3353 eo
343 3294 403 3353 loci
425 3296 576 3373 assignata
598 3294 673 3353 olim
692 3294 785 3352 fuerit
796 3290 971 3353 Theodosio
991 3295 1165 3373 imperatori
1178 3312 1196 3350 a
1210 3293 1245 3353 S.
1301 3323 1303 3327 v

128 3378 300 3439 Ambrosio
324 3377 546 3438 Mediolanensi
568 3381 707 3457 episcopo
729 3381 764 3437 in
788 3379 914 3438 ecclesia
933 3377 1033 3438 sedes.
1081 3396 1154 3437 nam
1174 3396 1245 3435 cnm

129 3462 306 3545 aliquando
320 3462 486 3523 Mediolani
500 3461 703 3538 Theodosius,
719 3483 804 3523 more
818 3466 921 3544 utique
935 3475 1064 3542 recepto,
1080 3464 1246 3522 sacrarium

130 3550 296 3629 ingressus
314 3559 383 3629 post
404 3548 553 3610 donorum
574 3550 757 3610 oblationem
776 3551 810 3608 in
828 3569 864 3609 eo
885 3548 1086 3623 consedisset,
1107 3546 1141 3606 id
1154 3566 1245 3625 aegre

128 3636 210 3695 tulit
221 3634 420 3709 Ambrosius3
449 3634 702 3716 consideransque
726 3654 796 3694 eam
810 3632 1058 3694 consuetudinem
1072 3634 1123 3690 vel
1139 3652 1179 3691 ex
1193 3650 1261 3691 as·.

127 3724 311 3783 tentatione
323 3721 374 3779 rel
388 3739 430 3779 ex
443 3720 556 3781 ordinis
569 3722 687 3779 inscitia
700 3730 891 3795 catenatam,
911 3720 1084 3800 imperatori
1097 3719 1130 3774 iu
1147 3716 1246 3775 eccle-

128 3810 184 3869 sia
198 3806 305 3864 locum
318 3808 482 3885 assignarit
498 3816 566 3865 ante
586 3807 708 3867 sacrarii
730 3807 896 3880 cancellos,
917 3808 960 3864 ita
978 3814 1012 3863 ut
1024 3803 1173 3882 populum
1184 3802 1248 3859 im-

126 3901 272 3974 perator,
287 3894 500 3970 imperatorem
514 3890 619 3951 ordine
631 3890 711 3951 aedis
725 3889 895 3952 sacerdotes
911 3886 1136 3949 antecederent:
1150 3880 1247 3949 τόπον

126 3973 222 4043 εἶναι
235 3980 293 4039 τοῦ
308 3976 454 4057 βασιλέως
467 3976 499 4041 ίν
513 3976 654 4061 ἐκκλησίᾳ
666 3975 766 4058 τὲταχε
778 3972 834 4040 σίν
845 3972 906 4059 πρὸ
918 3980 980 4038 τῶν
993 3969 1178 4054 οραφᾶκτοον
1190 3972 1248 4035 σοῦ’

127 4064 292 4143 ἱερατείαν
300 4105 310 4137 ,
340 4056 415 4125 ὥστε
429 4066 485 4125 τοῦ
498 4059 555 4144 μὲν
570 4067 647 4125 λαοῦ
661 4058 713 4125 τὸν
725 4065 896 4146 κρατοῦντα
907 4058 967 4141 τήν
979 4059 1145 4141 προεδρίαν
1159 4056 1247 4137 ἔχειν,

127 4146 243 4215 edred
257 4144 291 4210 di
304 4142 379 4221 τούς
390 4146 488 4227 iselae
502 4150 734 4227 προκαθῆσθαι.
776 4148 869 4209 rerba
889 4156 960 4206 eunt
974 4145 1171 4207 sozomeni?
1193 4141 1247 4216 24,

126 4234 254 4319 quibua
276 4250 408 4292 οοιισοιιο
425 4231 518 4292 habet
530 4230 770 4301 Theodorimt
792 4236 843 4298 17.
886 4228 971 4291 addit
985 4226 1190 4309 Theophanes
1210 4227 1248 4285 ab

125 4342 169 4385 eo
186 4330 334 4398 tempore
347 4337 464 4378 morem
477 4316 560 4379 hunc
570 4318 752 4397 invaluisse,
777 4329 813 4380 ut
827 4315 969 4400 deinceps
983 4318 1179 4398 imperatores
1192 4331 1251 4373 ex·
