3017 4817
511 152 519 188 1

577 282 785 352 scaossm
810 283 836 351 1.
1186 280 1260 357 119,

155 453 322 535 conscripta
338 463 367 513 et
378 449 560 513 oliandurio
576 450 738 533 diligenter
751 451 877 511 collecta
898 450 994 530 (Imp.
1019 452 1135 509 On'ent.
1151 462 1222 511 tom.
1238 456 1256 517 1

155 538 213 598 lto.
229 544 249 603 7
261 560 297 617 p.
314 536 393 615 136)
414 538 477 606 ulla
495 540 649 597 invenitur
663 540 818 617 inscriptio
832 539 866 595 in
880 534 1005 595 laudem
1018 537 1151 595 Heraclii
1166 538 1257 596 faota.

155 643 325 703 anonymus
345 625 436 703 plane
456 626 584 704 scriptor
600 623 681 703 apud
698 621 830 682 eundem
841 620 1030 681 Bandurium
1043 632 1113 679 tom.
1132 626 1149 684 l
1166 621 1257 687 aaa

149 730 186 787 p·
202 712 253 783 29,
272 710 597 789 antiquitatescpoleos
609 710 785 788 singulatim
796 706 977 782 describens,
991 706 1082 765 refert
1093 710 1256 785 propeBa·

154 795 273 852 silicam
287 795 381 853 fuisse
396 805 625 853 monumentum
639 795 777 853 Heraclio
790 791 939 868 dicatum,
961 793 1115 850 &omum
1131 790 1256 866 dictum,

154 876 239 959 quod
254 882 363 938 Petrus
383 880 502 957 Gyllius
532 880 660 960 lypogr.
688 880 774 959 Cpol.
793 878 849 936 lib.
866 882 888 941 2
905 900 933 936 c.
949 881 988 942 19
1008 878 1181 935 Exammon
1201 896 1258 957 ap-

151 965 259 1043 pellat.
303 966 446 1042 anonymi
463 965 554 1023 verba
572 962 647 1023 baec
659 977 746 1024 stmt:
769 964 814 1039 εἰς
828 960 862 1027 di
877 958 928 1027 τὸν
939 966 996 1040 τῆς
1010 966 1172 1038 Βασιλικῆς
1186 986 1258 1043 χρυ·

151 1044 293 1130 σόφορον
313 1042 410 1111 o’rrloro
429 1052 486 1113 τοῦ
501 1050 602 1128 μιλ1ου
617 1042 659 1126 ἦν
670 1042 883 1131 ἆνδροείκελον
899 1044 1018 1131 ἄγαλμα
1030 1046 1258 1129 χρνσὲμβαφον,

151 1132 236 1197 ἔνθα
247 1125 288 1213 ἦν
303 1128 337 1196 sd
347 1129 480 1213 ’Ἑξαμον
493 1132 666 1213 Ἡρακλείου
680 1140 736 1199 rosi
747 1134 901 1214 βασιλέως.
943 1132 997 1191 sed
1016 1153 1085 1191 cum
1106 1131 1181 1213 quid
1200 1134 1256 1192 sub

150 1216 214 1277 hac
232 1238 305 1277 voce
327 1218 479 1277 Εταηιιιηι
501 1220 595 1278 lateat
612 1240 703 1279 nemo
727 1218 855 1296 dixerit,
877 1215 955 1276 nibil
971 1216 1092 1277 definio.
1134 1237 1264 1276 rerum*

150 1313 256 1361 tamen
267 1322 328 1361 non
340 1304 435 1363 semel
446 1314 565 1362 tantum
584 1307 664 1363 cives
680 1308 713 1363 in
728 1308 805 1383 grati
820 1306 914 1363 animi
929 1306 1135 1362 testimonium
1149 1301 1258 1362 huius-

149 1386 237 1447 modi
256 1388 393 1468 publioos
412 1386 542 1448 honores
557 1391 696 1449 Homolio
708 1388 893 1464 decrevisse,
910 1408 971 1446 non
987 1399 1033 1447 est
1047 1387 1257 1463 dubitandum,

151 1494 190 1531 ao
210 1483 313 1531 noster
333 1471 458 1552 quidem
475 1475 623 1551 Georgius
646 1477 731 1533 testis
755 1486 801 1533 est
821 1476 882 1532 alia
896 1476 962 1532 vice
979 1485 1115 1533 curatum
1127 1476 1221 1533 finisse
1238 1493 1257 1532 a

151 1559 317 1637 cpolitanis
330 1569 364 1616 ut
377 1560 540 1637 imperator
554 1562 738 1639 pingeretur.
779 1560 911 1618 Aoroas.
926 1579 988 1638 aeq.
1004 1579 1034 1616 v.
1049 1558 1101 1623 61.

237 1646 288 1707 98.
332 1662 385 1701 cur
399 1644 550 1723 Scipionis
567 1664 734 1723 cognomen
749 1648 850 1724 potins
866 1664 958 1725 qnam
968 1642 1095 1724 quodvis
1111 1642 1194 1703 aliud
1210 1645 1254 1702 oi-

152 1748 206 1787 ves
219 1727 357 1786 Homolio
373 1730 498 1809 eiusque
511 1730 614 1788 liberis
628 1732 825 1806 attribuerint,
847 1739 882 1788 ut
896 1749 938 1787 ex
949 1727 1009 1787 boc
1021 1732 1148 1804 senario,
1172 1728 1256 1809 quod

153 1816 285 1872 continet
302 1811 465 1889 decretum,
489 1826 621 1893 apparet,
645 1834 712 1873 eam
726 1826 801 1895 puto
818 1836 884 1874 esse
899 1833 1030 1889 causam,
1052 1814 1134 1895 qnod
1146 1817 1255 1873 merito

152 1897 234 1978 apud
257 1909 373 1957 veteres
393 1918 503 1977 magno
523 1903 555 1957 in
579 1898 693 1959 bonore
718 1913 796 1961 esset
814 1902 991 1980 Scipionum
1012 1918 1140 1959 nomen:
1168 1901 1256 1959 nulla

153 1987 235 2043 enim
252 1994 328 2063 gens
339 1993 383 2042 tot
400 1986 487 2042 oloris
500 1987 573 2043 viris
587 1987 713 2045 illustris
725 2006 826 2067 neque
838 1996 881 2045 tot
896 1985 984 2043 rebus
994 1986 1148 2064 praeclare
1163 1988 1256 2065 gestis

152 2068 228 2127 adeo
241 2071 417 2148 insigniant
431 2068 607 2149 Scipiadum
622 2090 697 2149 gens
712 2070 786 2147 fuit,
807 2070 992 2149 undescnes
1005 2080 1036 2128 et
1051 2071 1124 2129 duri
1135 2070 1212 2129 bello
1225 2082 1256 2129 ct

145 2154 290 2235 fulmina
311 2153 384 2211 betti
399 2156 514 2234 passim
535 2155 573 2213 ab
593 2158 722 2236 antiquis
750 2156 943 2235 scriptoribus
969 2156 1122 2233 appellati.
1166 2166 1257 2236 atque

152 2238 230 2299 haec
246 2243 288 2297 ita
304 2260 370 2299 esse
384 2238 574 2319 accipienda,
596 2240 670 2299 facit
685 2243 778 2299 etiam
794 2243 954 2300 auctoritas
966 2237 1190 2320 Theopbylaoti
1203 2241 1257 2300 Si·
1338 2274 1341 2285 =

150 2336 301 2385 mooattae
324 2330 340 2387 1
366 2323 423 2399 14,
456 2326 509 2405 qui
530 2323 735 2406 Philippioum
753 2328 892 2385 Mourioii
910 2327 1059 2385 somrium
1077 2336 1108 2384 et
1124 2327 1257 2384 rnilitum

151 2410 261 2471 ducem
284 2411 525 2470 strenuissimum
546 2411 682 2490 Scipioni
701 2414 814 2490 pariter
828 2413 921 2471 fuisse
935 2421 1142 2489 comparatum
1153 2412 1256 2469 refert.

152 2495 233 2555 unde
255 2505 395 2575 apparet,
416 2493 449 2553 id
469 2493 552 2576 quod
567 2493 726 2556 hominum
738 2499 880 2576 opinione
897 2495 935 2555 de
950 2493 1122 2576 Philippico
1135 2496 1256 2556 fereba-

151 2593 215 2659 tur,
237 2592 342 2662 postea
356 2581 449 2641 fuine
465 2582 533 2660 lege
550 2585 699 2641 sancitum
716 2580 754 2641 de
770 2584 920 2642 Heraclio.

240 2669 310 2731 100.
354 2684 443 2745 saepe
453 2667 628 2725 Heraclium
639 2666 742 2727 Pisida
755 2670 888 2747 appellat
900 2668 1068 2745 despoton»,
1090 2685 1182 2748 quem
1195 2663 1254 2725 bo-

151 2752 373 2833 norisstitulum
394 2752 615 2829 amplissimum
634 2753 728 2812 fuisse
754 2753 924 2813 observavit
944 2754 1143 2830 ltu-cangius
1163 2752 1251 2811 Dias.

150 2838 190 2896 de
203 2836 293 2915 inser.
307 2838 377 2895 oevi
390 2836 488 2893 Nem
499 2857 537 2914 p.
553 2836 606 2915 35·
649 2837 704 2896 scd
718 2856 788 2895 oum
799 2840 853 2897 ille
867 2838 1078 2918 appellationis
1089 2835 1180 2895 huius
1197 2855 1254 2893 sn-

149 2924 322 3003 tiquitatenn
338 2919 476 2981 rideatur
496 2930 629 3000 repetere
649 2941 689 2980 ex
705 2941 831 2981 nummo
847 2924 894 2981 111.
909 2920 1088 2999 limpham,
1109 2924 1162 3001 qni
1175 2923 1253 2978 circa

150 3028 180 3067 a.
194 3005 304 3067 Christi
318 3009 382 3072 800
396 3008 550 3084 regnarit,
573 3003 713 3065 videlicet
727 3008 813 3065 annis
827 3010 893 3071 200
906 3008 977 3087 plus
990 3008 1092 3063 minus
1105 3015 1174 3083 post
1188 3007 1253 3062 He-

150 3094 292 3167 raclium,
321 3088 622 3159 animadvertendum
640 3092 699 3151 fuit
716 3089 833 3150 iamdiu
854 3090 936 3170 apud
957 3092 1139 3169 Byzantinos
1163 3091 1252 3147 inva-

151 3180 243 3239 luisse
270 3188 303 3236 ut
329 3180 525 3257 imperatores
553 3176 690 3254 despotoc
713 3188 900 3236 vocarentur.
942 3196 1042 3256 neque
1065 3173 1143 3235 illud
1160 3176 1252 3254 plana

150 3275 283 3339 constat,
306 3261 388 3343 quod
408 3260 491 3321 idem
509 3262 707 3341 liu-(langius
728 3260 870 3336 adnotat,
893 3260 1049 3340 despotam
1061 3263 1186 3319 minoris
1202 3258 1252 3319 di-

150 3352 273 3427 gnitatis
294 3349 416 3406 titulum
438 3349 531 3407 fuisse
552 3366 644 3427 quam
665 3350 888 3428 imperatorem.
933 3358 1011 3406 certe
1024 3344 1126 3406 Pisida
1136 3348 1250 3426 passim

150 3433 326 3493 Heraclium
339 3432 491 3511 despotam
502 3433 629 3508 salutat,
651 3452 687 3491 ao
700 3436 726 3493 si
740 3431 814 3515 quid
826 3432 932 3509 rideo,
953 3452 1016 3492 non
1028 3433 1087 3491 alia
1099 3435 1179 3491 inter
1188 3435 1250 3490 irn-

151 3520 297 3598 peratoris
313 3526 344 3575 et
356 3514 497 3595 despotao
517 3519 751 3597 appellationem
770 3517 939 3578 differentia
955 3520 1137 3591 intercessit,
1160 3536 1252 3597 quam

152 3604 252 3661 utillo
267 3606 382 3681 regiam
398 3600 592 3680 dignitatem,
614 3604 708 3662 altera
722 3614 902 3681 potestatem
913 3607 945 3662 in
960 3604 1108 3662 subiectos
1122 3602 1252 3680 populos

151 3686 308 3747 indicaret.
351 3689 393 3745 ita
413 3698 515 3747 noster
533 3688 571 3745 de
584 3688 738 3766 Expedt
760 3692 802 3754 99
823 3690 997 3747 Heraclium
1014 3685 1131 3745 inducit
1149 3687 1192 3742 ita
1212 3682 1251 3741 do

151 3772 210 3834 deo
234 3774 425 3855 loquentem:
448 3764 538 3846 circo
557 3770 591 3835 di
611 3769 711 3847 sosvdo
725 3769 865 3854 βασιλεΰς
882 3773 935 3836 sol
950 3766 1106 3851 δεσπότης.
1150 3779 1252 3848 aperte

151 3870 255 3917 autem
267 3856 318 3916 hic
331 3860 395 3915 vim
405 3860 486 3917 roois
499 3856 646 3936 δεσπότης
660 3856 802 3933 declarat,
820 3878 890 3917 cnm
902 3857 1073 3940 ἰμφατικῶς
1085 3853 1158 3912 dicit
1170 3873 1253 3911 mmo

149 3952 269 4003 tantum
287 3944 377 4002 licere
392 3946 486 4001 serris
500 3944 602 4021 legem
615 3944 693 4002 ferro
706 3946 739 4001 in
757 3943 913 4023 despotas3
936 3943 1046 4023 quibos
1061 3939 1160 3997 verbis
1178 3958 1252 4017 pro-
1310 4001 1316 4012 ⁸

149 4034 247 4109 priam
262 4029 438 4089 relationem
451 4026 590 4105 adnotat,
613 4048 706 4111 qnam
720 4026 813 4089 babet
823 4032 978 4109 princeps,
999 4037 1035 4085 nt
1047 4022 1187 4083 dominns
1199 4025 1249 4085 val

149 4112 291 4195 despota,
312 4111 352 4172 ad
365 4132 477 4172 servos.

236 4204 307 4264 101.
351 4207 452 4257 utrum
468 4198 625 4259 Heraclius
640 4196 795 4259 decretum
810 4196 1043 4270 confirmaverit,
1064 4214 1126 4255 non
1141 4195 1248 4277 liquet.

148 4280 239 4351 sicca
261 4283 437 4345 dicebantur
458 4285 629 4365 principum
647 4286 874 4345 constiurtiones
893 4292 925 4342 et
948 4280 1083 4343 decreta:
1118 4280 1173 4343 sed
1197 4279 1248 4339 bio
