3017 4817
286 243 360 318 120
747 232 919 311 euroin

286 411 424 489 gmmern
438 405 519 468 huno
532 415 682 466 auctorem
696 403 798 466 habet.
840 403 922 487 opud
932 402 1154 487 Theophanem
1165 417 1196 466 et
1208 405 1382 470 cedrenum

286 496 457 554 nominatos
473 495 619 573 reperitur
629 494 812 567 Valentinus,
835 511 905 550 cum
918 495 961 551 ita
973 502 1104 566 narrant,
1124 491 1192 552 lud.
1207 496 1226 558 1
1239 507 1381 554 senatum

284 581 456 638 Heraclium
471 598 506 636 ac
517 580 677 637 Martinam
688 597 758 636 cum
767 577 925 638 Valentino
940 575 1123 656 repudiasse.

368 685 399 743 p·
415 663 455 728 35
471 683 502 723 v.
518 669 550 728 2·
593 656 656 726 ὅδὲ
667 656 898 742 συλλαβόμενος]
913 661 1039 722 discedit
1050 660 1102 721 bic
1114 681 1132 720 a
1145 664 1252 722 ceteris
1265 675 1378 738 noster,

283 751 338 830 qui
351 750 388 806 ab
403 749 586 806 Heracleooa
601 758 631 805 et
643 749 772 806 Mar-tino
787 749 967 821 Heraclium,
983 752 1036 830 qui
1049 749 1195 808 Constans
1212 746 1309 808 dictos
1320 761 1378 824 est,

284 836 390 892 asserit
402 835 613 912 imperatorem
627 852 691 892 esse
704 833 828 891 factum.
870 843 985 891 constat
1001 834 1084 892 enim
1098 852 1116 891 a
1129 844 1236 892 senatu
1249 834 1378 912 abroga-

283 929 349 976 tum
364 921 564 978 Heracleonae
578 919 754 998 imparium,
786 915 974 998 eundemque
995 920 1155 996 amputatis
1169 919 1293 977 naribus
1307 939 1377 977 cnm

282 1013 388 1079 matre,
411 1007 459 1062 cui
470 1005 573 1082 lingua
589 1005 721 1082 praecisa
736 1012 808 1077 erat,
823 1004 998 1081 relegatum.
1040 1006 1200 1082 imperavit
1214 1005 1376 1062 Heracleo-

282 1107 337 1146 nas
354 1109 471 1147 menses
485 1091 515 1162 6,
537 1090 633 1169 quiin
645 1087 843 1146 Decembrem
855 1085 984 1146 huiusa.
997 1085 1074 1162 641,
1089 1087 1156 1146 lnd.
1169 1088 1225 1162 15,
1240 1086 1374 1148 desinere

282 1171 432 1232 videntur.
473 1191 656 1252 magnopere
669 1191 740 1232 vero
760 1174 795 1230 in
812 1170 870 1231 bac
888 1170 1012 1232 historia
1029 1169 1232 1252 Theophanes
1245 1171 1377 1232 babuci-

280 1268 385 1333 natur,
416 1260 450 1314 iu
470 1255 537 1316 cod.
556 1260 667 1316 Ioieus.
709 1259 763 1338 qui
777 1257 929 1316 Constant.
953 1256 1083 1316 eundem
1102 1275 1172 1314 oum
1190 1259 1379 1318 Heracleona

280 1342 370 1400 fecit:
395 1336 467 1420 perd
492 1339 526 1403 dl
544 1337 732 1424 Ἡράκλειον,
760 1343 818 1417 ait,
846 1341 1018 1422 ἐβασίλευσε
1034 1345 1263 1416 asserantur
1278 1341 1295 1406 o‘
1306 1341 1378 1418 uide

281 1421 379 1489 αὐτοῦ
392 1425 410 1488 o‘
425 1423 585 1506 λεγόμενος
596 1424 811 1506 Ἠρακλεωνᾶς,
834 1422 1045 1508 μονοθεληιής
1056 1425 1110 1490 nol
1123 1419 1232 1503 αὗτὸς,
1254 1426 1316 1502 ἔτος
1330 1427 1376 1491 ἓν.

280 1509 334 1574 καὶ
351 1508 502 1593 φαρμάκῳ
516 1509 578 1574 aiod
592 1515 652 1573 vois
668 1511 789 1575 otuelus
801 1504 950 1596 α’νῃρὲθη.

365 1617 396 1675 p·
413 1599 453 1659 86
468 1616 497 1654 v.
512 1599 562 1661 11.
584 1599 798 1676 προχειρίζεται
812 1594 947 1675 Παῦλος]
961 1593 1165 1676 Theophanes
1178 1607 1209 1656 et
1223 1593 1375 1658 cedrenus

282 1698 361 1738 anno
376 1681 413 1738 ab
427 1681 557 1738 Heraclii
572 1691 667 1740 morte
684 1683 777 1740 altero
794 1678 945 1762 Pyrrbmn
962 1702 978 1738 e
993 1680 1065 1740 sede
1079 1681 1229 1740 deiectum
1244 1703 1279 1742 ac
1292 1686 1376 1742 Pan-

281 1765 347 1824 lum
360 1768 424 1824 aius
436 1765 502 1824 looo
516 1764 674 1826 suffectum
689 1777 842 1842 astruunt,
864 1767 983 1828 Octobri
996 1787 1109 1840 mense,
1131 1766 1196 1826 Iud.
1212 1770 1271 1841 153
1303 1772 1376 1850 qni-

281 1849 338 1907 bus
361 1859 391 1907 et
409 1847 518 1908 dissue
542 1861 643 1909 noster
663 1853 832 1910 assentitur.
876 1871 968 1934 quare
990 1872 1018 1910 a.
1034 1853 1068 1910 G.
1081 1849 1160 1927 641,
1185 1851 1293 1911 eodem
1310 1873 1373 1934 quo

279 1935 435 1993 Heraclius
451 1935 539 2009 obiit,
563 1937 673 1996 eieotm
688 1947 732 1996 est
746 1933 897 2016 Pyrrhus,
925 1956 987 1996 non
1003 1935 1082 2012 642,
1105 1947 1139 1995 ut
1155 1940 1241 1996 estin
1257 1941 1371 1998 Annel.

279 2037 389 2098 nempe
402 2017 469 2077 lud.
487 2021 526 2084 15
540 2021 608 2078 iniit
619 2040 648 2080 a.
662 2023 724 2086 641
744 2022 923 2104 Septembri.
965 2041 1054 2100 porro
1072 2041 1141 2081 oum
1157 2042 1217 2082 uon
1230 2034 1297 2081 onte
1314 2024 1374 2081 ab-

280 2113 419 2181 rogatum
435 2105 634 2164 Heracleonne
648 2107 811 2184 imperium
824 2105 881 2166 hoc
897 2105 1053 2183 acciderit,
1082 2109 1136 2186 qui
1150 2107 1274 2188 quidem
1284 2129 1376 2166 men-

280 2189 364 2246 sibus
378 2192 458 2248 senis
471 2192 645 2268 imperarit,
675 2191 764 2250 facile
779 2189 858 2250 mihi
875 2189 1041 2271 persuadeo
1061 2195 1082 2255 6
1096 2193 1167 2251 illos
1180 2213 1300 2253 menses
1312 2213 1376 2254 non

279 2293 346 2330 esse
361 2291 378 2330 a
394 2275 580 2334 Constantini
596 2277 728 2335 Heraclii
742 2279 776 2334 F.
794 2275 849 2336 sed
862 2277 900 2336 ab
914 2277 1045 2335 Heraclii
1058 2278 1155 2355 ipsius
1169 2279 1253 2336 obitu
1267 2299 1376 2338 nume-

278 2356 399 2433 randos,
421 2361 462 2417 ito
475 2371 509 2418 ut
526 2359 594 2419 cum
608 2363 802 2421 Constantino
814 2363 908 2421 tribus
923 2363 1076 2421 mensibus
1092 2372 1122 2419 et
1138 2360 1246 2421 diebus
1262 2367 1299 2428 18
1316 2367 1376 2421 im-

277 2446 406 2520 perarit,
429 2464 469 2502 ex
486 2447 616 2504 Heraclii
629 2457 817 2510 testamento.
859 2450 961 2529 itaque
975 2445 1032 2506 boc
1045 2450 1113 2525 ipso
1127 2467 1156 2504 a.
1173 2452 1251 2506 circa
1263 2450 1375 2507 Iulium

277 2546 431 2603 mensem,
459 2531 643 2588 Heracleona
660 2535 765 2610 pulso,
795 2532 940 2592 Constans
957 2535 1118 2611 imperium
1132 2536 1300 2611 aruspioatus
1316 2545 1372 2593 est.

277 2610 512 2688 expendendum
532 2633 602 2673 vero
621 2615 698 2674 illud
723 2619 864 2677 abentius
880 2615 962 2700 quod
982 2618 1085 2676 scribit
1097 2621 1246 2692 Zonaras,
1276 2621 1373 2678 Hera-

279 2695 416 2753 oleonam
431 2695 488 2756 boc
501 2717 579 2758 anno
593 2697 759 2760 decennem
772 2702 875 2761 fuisse.
917 2701 976 2761 hoc
990 2705 1016 2762 si
1027 2722 1133 2761 rerum
1147 2714 1204 2776 est,
1224 2713 1309 2762 natus
1327 2715 1374 2764 est

278 2783 357 2838 circo
372 2800 400 2840 a.
416 2783 449 2840 G.
465 2783 528 2846 632
536 2827 545 2859 ,
566 2787 697 2844 Heraclii
710 2789 764 2849 22.
809 2797 840 2846 at
858 2789 943 2846 nulla
964 2785 1054 2847 huius
1068 2791 1112 2846 rei
1126 2785 1209 2867 apud
1220 2786 1376 2849 historicos

278 2868 404 2925 mentio.
448 2887 526 2926 auno
540 2869 664 2949 qnidam
676 2875 749 2945 630,
771 2869 838 2930 Iud.
855 2869 885 2947 4,
905 2875 981 2931 Nor.
1001 2879 1031 2946 7,
1053 2883 1142 2930 natus
1155 2877 1188 2930 in
1204 2876 1325 2932 Oriente
1336 2894 1378 2934 ex

277 2953 406 3010 Martiua
420 2955 545 3032 coniuge
559 2953 672 3030 David,
696 2955 862 3037 eademqne
879 2953 928 3014 die
941 2958 1095 3016 Heraclius
1108 2959 1239 3015 Heraclii
1250 2961 1376 3018 iunioris

278 3038 342 3094 sive
356 3038 542 3096 Constantini
555 3041 601 3114 tt,
624 3042 676 3121 qui
693 3053 796 3119 postea
809 3042 954 3104 Constans
968 3052 1012 3100 est
1027 3040 1132 3100 dictus.
1174 3046 1270 3120 potnit
1279 3047 1376 3122 igitur

278 3117 337 3178 hac
362 3125 520 3181 nominum
540 3123 736 3184 similitudine
764 3124 906 3206 deceptus
927 3128 1060 3186 Zonaras
1085 3129 1252 3184 Heraclium
1277 3131 1376 3187 istum

278 3205 409 3264 Heraclii
431 3209 554 3268 senioris
576 3219 606 3268 et
622 3211 768 3270 Hortinae
780 3213 815 3270 ll.
835 3222 953 3290 putare.
993 3211 1072 3270 mihi
1084 3232 1151 3274 tero
1166 3209 1294 3270 dubium
1309 3234 1376 3273 non

279 3298 325 3346 est
339 3291 411 3366 quin
429 3294 627 3354 Heracleonas
638 3297 793 3356 Heraclius
807 3297 860 3354 ille
874 3299 929 3370 sit,
959 3316 1051 3377 quem
1071 3307 1170 3355 noster
1182 3316 1213 3374 p.
1231 3301 1269 3360 17
1285 3299 1328 3362 20
1341 3302 1377 3356 in

278 3374 387 3430 Lazioa
396 3383 500 3434 natum
507 3379 606 3453 refert,
614 3399 642 3437 a.
649 3382 762 3440 scilicet
769 3383 900 3440 Heraclii
913 3385 954 3446 12
966 3383 1016 3439 vel
1030 3383 1080 3456 16,
1098 3385 1150 3462 qui
1162 3393 1236 3455 tum,
1258 3403 1328 3441 curn
1341 3387 1376 3441 in

279 3455 415 3516 ordinem
429 3458 566 3520 redactus
584 3473 643 3536 est,
675 3485 768 3525 annos
783 3465 889 3525 babuit
901 3466 997 3524 ferme
1013 3470 1053 3530 16
1069 3469 1184 3530 νο120.
1226 3477 1279 3526 ant
1294 3481 1375 3527 certe

279 3545 490 3604 Constantinus
515 3547 590 3606 alter
602 3551 733 3610 Heraclii
756 3551 837 3611 filins
859 3571 898 3609 ex
912 3553 1056 3626 Martiae,
1090 3570 1183 3632 quem
1203 3571 1229 3609 a.
1244 3554 1375 3611 Heraclii

279 3632 385 3706 quinto
399 3639 503 3688 uatum
517 3651 582 3692 esse
592 3633 745 3694 cedrenus
760 3655 795 3694 ao
806 3633 1009 3716 Theophanes
1021 3637 1163 3695 scribunt.
1182 3642 1377 3717 nequeenim

279 3714 306 3770 is
322 3733 390 3771 cum
402 3717 538 3776 Heraclio
561 3719 703 3779 confundi
718 3731 832 3802 potest,
862 3725 915 3801 qui
934 3723 967 3778 in
986 3725 1054 3800 ipsa
1072 3719 1266 3800 expeditione
1286 3734 1377 3782 natus

280 3809 326 3856 est
343 3801 374 3855 in
387 3801 504 3876 Larice,
525 3805 639 3883 aliquot
652 3809 737 3864 annis
751 3818 820 3885 post
833 3807 1062 3865 Constantinum
1076 3809 1222 3865 Hortinae
1234 3811 1270 3865 F.
1294 3806 1377 3889 quod

278 3882 404 3942 fortasse
415 3889 512 3946 verine
528 3899 587 3947 est:
611 3892 652 3948 ita
666 3893 748 3948 enim
760 3893 907 3970 imperare
920 3894 1051 3970 coeperit
1069 3911 1097 3950 a.
1114 3894 1220 3950 aetatis
1232 3895 1284 3956 26.
1297 3955 1304 3966 ‚
1329 3904 1376 3951 at-

279 3969 333 4046 qui
347 3970 477 4047 plurima
490 3969 539 4030 hio
553 3974 590 4033 ab
605 3977 792 4036 Heracleona
805 3975 885 4036 dicta
896 3976 1012 4035 factare
1028 3987 1203 4050 narrantur,
1230 3997 1310 4058 quae
1323 3997 1376 4036 ue-

279 4069 333 4130 gre
359 4055 445 4114 alteri
472 4075 564 4138 quam
586 4062 614 4121 ei
636 4063 689 4142 qni
709 4063 829 4123 virilem
853 4073 984 4124 aetatem
1003 4063 1136 4140 attigerit
1155 4062 1375 4123 accommodari

279 4139 404 4214 possint.

364 4223 405 4284 ib·
431 4245 460 4284 v·
484 4231 533 4291 13.
578 4231 807 4310 Κωνσταντῖνος
819 4225 877 4298 odo
888 4231 923 4299 lv
935 4231 1075 4318 Σικελίᾳ]
1097 4235 1206 4312 ingens
1218 4229 1270 4292 bic
1281 4250 1376 4292 anno-
