3017 4817
440 266 692 379 urscutrno
717 313 751 381 s,
777 312 969 380 sornnr.
1179 311 1249 383 131

148 468 265 533 concha
286 492 442 536 consessus
464 474 572 536 absida
592 478 703 557 pariter
725 474 823 538 dictus
845 479 972 557 legitur,
1004 477 1053 536 vel
1067 486 1145 535 certe
1163 475 1251 537 sedes

149 562 215 640 ipsa
240 562 418 641 episcopalis
444 574 495 621 aut
516 561 733 642 patriarchalis.
786 567 898 646 quippe
919 566 956 621 in
979 564 1075 621 veteri
1098 564 1251 622 Glossario

147 644 258 703 atoma
274 644 356 704 sedes
369 648 572 727 episcoporum
586 668 651 708 esse
667 647 791 725 dicitur,
819 660 853 708 ut
869 660 898 707 et
911 645 993 727 apud
1005 649 1147 725 Papiam,
1170 647 1251 726 apud

149 748 243 812 quem
257 726 332 788 haec
344 730 510 792 habentur:
543 734 650 793 exedra
667 734 790 805 absida,
812 735 849 793 id
863 746 907 792 est
923 734 1007 793 locres
1029 732 1248 793 subselliorum.

147 834 250 895 neque
273 815 332 873 elia
353 816 473 877 videtur
494 819 711 896 significatione
730 839 889 899 usurpasse
912 820 945 878 S.
960 820 1144 897 Augustinus
1161 820 1249 897 epist.

147 900 231 963 225:
260 899 306 958 ad
324 913 426 961 nostro
446 902 589 962 subselliis
606 902 713 963 relicta
727 904 817 963 turbo
831 904 978 962 redieram
991 936 1036 949 -
1047 902 1183 961 dicebam
1197 924 1254 981 ego

148 982 262 1063 quibus
270 996 421 1061 poteram,
444 989 499 1067 qui
510 989 555 1047 nel
562 1010 616 1047 nos
628 992 661 1048 irs
674 988 813 1048 obsidam
824 990 1026 1048 honoratiores
1040 989 1247 1047 ascenderant.

145 1067 233 1127 idem
248 1072 335 1148 epist.
350 1076 426 1136 203:
448 1072 597 1153 insutum
613 1074 725 1133 Chresti
732 1076 844 1133 bedisco
858 1096 953 1154 neque
966 1072 1090 1133 absidas
1099 1073 1250 1152 gradatas

148 1174 204 1212 nee
221 1154 381 1214 catheubae
400 1156 518 1216 velatae
532 1158 753 1218 adhibebuntur
765 1160 810 1219 od
823 1160 1032 1239 defensionem.
1079 1179 1119 1217 ex
1140 1158 1249 1239 quibus

146 1242 342 1319 perspicuum
359 1241 392 1300 fit
410 1263 463 1301 cur
481 1241 613 1323 synodus
633 1242 819 1305 sardicensis
839 1264 906 1303 can.
929 1246 970 1307 10
993 1242 1103 1302 dixerit
1126 1244 1169 1317 εἰς
1192 1237 1249 1322 τὴν

147 1322 252 1402 duzas
272 1329 327 1405 τῆς
348 1324 515 1405 ἐπισκοπῆς
535 1330 695 1409 διαβῆναι,
725 1350 780 1409 pro
795 1329 841 1388 ud
856 1328 1053 1409 episcopalem
1071 1329 1250 1407 dignitatem

147 1409 198 1468 vsi
212 1409 354 1469 thronum
361 1415 532 1489 pervenire,
554 1434 622 1472 cum
640 1414 804 1493 iupbsidu
819 1434 872 1473 ssu
888 1414 1009 1473 conchis
1024 1416 1056 1470 in
1073 1415 1250 1472 excelsiori-

147 1494 206 1553 bus
222 1496 375 1555 subselliis
395 1516 429 1555 ac
449 1497 580 1575 gradatis
599 1497 738 1558 sederent
753 1502 896 1579 episcopi.
940 1518 975 1557 ea
988 1510 1089 1557 autem
1101 1518 1164 1556 uon
1177 1518 1250 1576 pre-

146 1581 233 1639 tiosis
254 1578 402 1641 duntaxat
414 1584 490 1641 velis
511 1593 540 1641 et
553 1586 665 1645 aulaeis
681 1585 876 1664 tegebantur,
907 1595 941 1642 ut
961 1595 1006 1642 est
1021 1581 1102 1662 apud
1118 1582 1250 1640 eundem
1344 1637 1346 1644 ,

145 1666 367 1743 Augustinum,
404 1665 458 1726 sed
488 1672 592 1729 ceteris
619 1673 710 1728 etium
731 1671 860 1729 aliorum
879 1670 1022 1727 ecclesiae
1043 1669 1248 1725 ministrorum

146 1748 271 1809 sedibus
286 1752 451 1810 excelsiora
468 1764 566 1828 erunt,
594 1756 639 1813 uti
650 1757 748 1813 innuit
761 1756 827 1814 loco
840 1756 928 1812 citato
943 1754 1107 1826 Eusebius,
1131 1761 1160 1810 et
1174 1771 1248 1809 cau-

145 1844 213 1894 tum
226 1836 340 1913 legitur
352 1839 384 1894 iu
399 1836 515 1917 synodo
531 1837 670 1919 carthag.
685 1838 706 1901 4
722 1859 788 1899 can.
804 1840 845 1905 35
860 1850 896 1897 ut
911 1842 1065 1916 episeopus
1078 1839 1112 1895 iu
1125 1836 1250 1895 eeclesia

146 1930 174 1979 at
194 1922 229 1977 in
249 1940 390 1979 consessu
405 1921 643 1999 presbyterorum
664 1924 821 1982 sublimior
836 1926 946 1982 sedeat.
991 1921 1072 1982 hunc
1087 1941 1202 1980 rnorem
1215 1924 1250 1978 in

146 2005 282 2065 ecclesiis
297 2004 533 2065 Christianorum
552 2009 741 2067 observatum
762 2012 887 2086 attigere
908 2017 1061 2088 praeterea
1085 2008 1220 2066 Urbanus
1237 2024 1250 2063 1

145 2092 180 2149 in
198 2092 285 2169 epist.
305 2110 329 2148 c.
343 2089 381 2166 4,
411 2092 444 2151 S.
460 2093 636 2152 Ambrosius
657 2094 734 2151 libro
753 2092 791 2151 de
802 2095 956 2171 Dignitate
972 2089 1094 2150 Sacerd.
1109 2111 1134 2150 ο.
1149 2096 1183 2167 6,
1213 2091 1247 2149 S.

130 2176 334 2251 ..Augustinus
347 2178 378 2233 in
391 2177 503 2236 Pselm.
519 2180 589 2249 126,
610 2178 781 2235 Arnularius
796 2175 833 2235 de
845 2177 918 2236 Reb.
935 2178 1007 2234 eccl.
1024 2176 1045 2238 3
1069 2178 1118 2251 10,
1140 2185 1171 2233 et
1183 2177 1250 2233 Ho-

147 2261 253 2318 norius
266 2259 431 2338 Augustod.
454 2262 471 2323 1
498 2266 535 2325 18
560 2273 590 2320 et
614 2262 663 2325 15.
694 2264 870 2341 praesertim
883 2282 955 2320 vero
972 2258 1113 2319 cathedra
1131 2262 1250 2339 episco-

147 2344 228 2424 palis
243 2363 297 2403 sen
310 2344 516 2423 patriarchalis
536 2341 655 2425 θρόνον
669 2366 741 2407 voce
757 2345 885 2405 donatur
896 2348 1011 2426 passim
1026 2344 1107 2425 apud
1120 2348 1249 2423 scripto-

147 2448 196 2489 res
208 2431 402 2507 Byzantinos.
434 2434 612 2510 Anonymus
628 2429 666 2490 de
681 2433 755 2491 locis
772 2433 918 2491 Hierosol.
936 2450 962 2489 c.
976 2434 1006 2504 3,
1028 2431 1248 2509 Hierosolymi-

146 2524 235 2573 tsnae
250 2515 284 2573 S.
296 2516 426 2595 sepulcri
440 2517 582 2575 ecelesiae
599 2518 687 2574 bema
701 2515 890 2592 describens,
921 2517 984 2580 luri
1001 2511 1078 2577 eluar
1096 2513 1116 2579 o‘
1135 2510 1250 2595 θρόνος

145 2602 202 2663 τοῦ
215 2595 411 2679 πατριάρχου.
454 2611 543 2681 atque
565 2599 636 2660 inde
656 2602 771 2660 fectum
792 2614 836 2660 est
855 2613 889 2660 ut
903 2621 920 2660 a
935 2599 1061 2675 throno,
1094 2597 1249 2678 dIgnitatis

146 2704 266 2745 summo
281 2685 417 2763 fastigio,
447 2688 590 2744 ecclesiae
608 2687 874 2765 compellarentur,
905 2698 934 2746 et
955 2684 1056 2743 throni
1069 2684 1248 2758 dicerentur,

146 2770 257 2851 quihus
269 2767 455 2849 patriarchae
474 2780 504 2829 st
518 2774 649 2851 episcopi
664 2770 892 2852 praesidebant,
915 2768 1173 2853 quemadmodum
1185 2772 1247 2827 ha-

145 2858 216 2914 tinis
228 2856 313 2915 sedes
325 2856 471 2935 appellari
484 2868 711 2916 consueverunt.
739 2859 802 2915 iam
814 2876 885 2916 vero
902 2875 971 2914 cum
986 2852 1117 2913 conchae
1129 2852 1247 2911 mediae

146 2959 281 2999 recessus
301 2942 381 2999 imus
396 2941 546 3000 subselliis
566 2942 603 3000 ab
621 2952 746 3022 utraque
767 2952 852 3022 parte
871 2950 901 3000 et
919 2938 1055 3019 undique
1071 2942 1248 3017 clngeretur,

145 3022 247 3084 throni
263 3022 499 3103 patriarcharum
516 3037 545 3085 et
560 3029 784 3106 episcoporum,
812 3046 888 3107 quos
903 3018 1108 3107 μυονννόλους
1122 3018 1250 3097 &unove

145 3130 199 3170 seu
214 3106 416 3169 sacerdotales
429 3109 516 3169 sedes
526 3122 613 3170 vocat
627 3112 825 3186 silentiarius,
848 3110 887 3169 ad
905 3108 1044 3169 dextram
1059 3110 1161 3167 altaris
1174 3127 1246 3189 par-

146 3206 208 3254 tem
226 3192 370 3253 videntur
389 3199 548 3255 exstitisse.
591 3196 736 3276 Scylitzes
757 3199 789 3254 in
808 3197 979 3256 Stratiotico
1001 3192 1038 3253 de
1060 3190 1247 3273 patriarcha:

146 3275 333 3344 κατελθόντα
348 3277 404 3363 yolo
419 3280 535 3344 incisor
553 3275 670 3356 εόθέιος
683 3281 716 3344 oi
727 3274 859 3343 όνόνντοι
871 3284 927 3343 τοῦ
942 3274 1083 3359 πλήθους
1102 3284 1248 3360 παρειλη-

147 3362 253 3445 φότες,
284 3364 336 3427 uui
356 3360 474 3447 θρόνον
494 3362 681 3447 ἐνεγκόντες,
714 3364 763 3430 Iul
778 3370 833 3429 τοῦ
849 3368 950 3441 δεξιοῦ
963 3362 1072 3445 μέρους
1085 3367 1247 3438 καθίζουσι

146 3455 202 3515 τοῦ
222 3448 313 3531 όγόον
335 3446 478 3530 βήματος.
521 3452 553 3509 id
577 3455 667 3511 etiam
692 3450 805 3511 indicat
829 3449 901 3510 ordo
924 3453 1091 3509 Romanus:
1126 3449 1247 3507 modern

147 3536 469 3615 episcoprssoserclotur
483 3537 673 3617 evangelium
694 3537 850 3606 scultare,
881 3547 909 3593 et
926 3538 1031 3614 pergit
1051 3535 1096 3592 ad
1111 3535 1247 3591 dabam

147 3622 256 3681 ultoris
266 3618 312 3678 ud
324 3620 421 3679 sedem
433 3642 531 3679 suam.
575 3621 609 3680 id
626 3623 781 3681 observare
799 3632 843 3679 est
856 3632 1008 3700 praeterea
1020 3640 1061 3679 ex
1071 3619 1246 3676 Marcellino

148 3708 282 3782 Gemite,
312 3703 385 3763 dum
406 3718 506 3765 tranat
522 3710 665 3765 Ioannem
680 3710 850 3765 Romanum
864 3707 1050 3785 pontificem,
1080 3722 1149 3761 cum
1167 3720 1246 3759 anuo

148 3792 208 3855 525
225 3791 345 3870 cpolim
358 3795 559 3870 pervenisset,
589 3794 663 3849 mero
677 3792 787 3849 lsonore
800 3811 818 3871 a
830 3794 943 3849 Iustino
958 3794 1136 3868 imperatore
1154 3805 1247 3843 exce·
1262 3786 1285 3840 P
1302 3787 1354 3843 5⁷9

146 3888 233 3956 pium
246 3876 357 3950 fuisse,
386 3887 415 3934 et
430 3876 566 3934 dranum
580 3876 680 3934 dextro
696 3876 835 3935 ecelesiae
850 3878 990 3933 insedisse
1002 3874 1090 3944 solio,
1111 3872 1248 3950 diemque

148 3962 263 4019 domirrs'
281 3963 376 4019 nostri
395 3964 615 4019 resurrectionis
633 3962 728 4039 plenu
750 3982 820 4019 voce
838 3962 988 4018 Romus
1003 3956 1147 4037 precibus
1170 3956 1247 4014 eels-

148 4044 259 4105 brcsse.
316 4046 425 4126 quibus
446 4046 545 4105 verbis
564 4048 662 4105 innuit
680 4048 872 4104 Marcellinus
891 4049 1035 4104 loannem
1055 4044 1088 4101 in
1107 4062 1247 4102 consessu

147 4127 349 4210 patriarcham
364 4132 412 4189 GP
426 4134 636 4211 praecessisse,
663 4130 837 4211 sedisseque
859 4130 899 4189 ad
919 4131 1002 4187 illius
1021 4127 1170 4186 dextram.
1215 4137 1247 4186 at

148 4217 262 4275 Gnarus
281 4218 315 4273 in
334 4215 435 4274 medio
454 4225 485 4274 et
503 4218 609 4276 intimo
630 4214 760 4275 conchae
781 4236 899 4274 recessu
917 4212 1147 4294 patriarchicum
1159 4210 1247 4270 thro-

148 4320 221 4362 ruun
235 4302 356 4380 estut,
386 4320 478 4384 quem
494 4305 686 4363 circumstant
707 4299 781 4361 hinc
800 4298 872 4361 inde
892 4303 1101 4382 episcoporum
1122 4299 1172 4359 vel
1193 4298 1246 4377 qui
