3017 4817
401 320 657 391 DESCRIPTIO
682 322 716 392 S.
743 322 935 395 SOPHIAE.
1168 327 1218 401 83

105 498 192 571 ptem
220 487 310 549 milia
339 486 487 549 librarum
517 487 698 571 pependisse
723 500 753 551 et
776 491 815 550 eb
838 487 968 553 Arcadio
996 489 1059 553 lilio
1088 504 1218 555 erectam

128 574 218 635 rodit.

105 596 128 656 P
194 655 246 724 24.
291 660 434 717 Excitata
453 660 546 739 igitur
566 661 640 721 aede
660 658 814 742 Sophiam
832 660 989 743 dirutaque
1003 659 1218 725 Theodosiana

108 755 224 820 statua,
247 744 317 804 loco
331 747 427 824 ipsius
441 764 528 805 auam
544 758 714 828 equestrem
730 748 876 827 imposuit
892 749 1091 823 lastinianus,
1114 769 1155 807 ex
1167 760 1217 808 te-

109 832 190 910 gulis
211 832 310 889 aereis
331 832 476 891 inauratis
492 832 663 892 combustae
680 830 807 892 Chalces
825 834 999 906 conflatam,
1021 852 1100 893 anuo
1115 835 1218 913 impe-

107 919 147 975 rii
165 919 216 979 17.
260 912 482 995 Theophanes:
503 920 547 1003 cpi
566 911 650 1005 ον’τῷ
673 916 729 981 ἔτει
747 914 911 1000 ἐπληρώθη
928 916 1090 998 ὄχολκοῦρ
1105 918 1217 983 elaad

108 1000 203 1081 μέγας
225 1002 357 1079 πλησίον
374 1004 432 1063 τοῦ
452 1002 615 1078 walarico,
638 997 829 1085 ἆλεγόμενος
842 998 1050 1085 Λεῖγουστεεῖρ,
1071 1002 1124 1065 sai
1138 999 1217 1085 α’νη·

107 1084 207 1165 ahda
229 1084 253 1165 η’
275 1079 369 1163 στήλη
388 1090 445 1149 τοῦ
464 1087 608 1167 βασιλέως
625 1081 840 1151 Ἰουστενεονοῦ
857 1088 1000 1165 ἔφιππος.
1041 1088 1101 1147 fuit
1114 1100 1217 1149 autem

107 1176 206 1251 χαλκῆ
225 1171 411 1231 vestibulum
428 1175 531 1252 magni
548 1175 654 1253 palatii
674 1193 709 1233 ac
727 1174 908 1250 triclinium,
928 1194 984 1254 per
995 1173 1078 1255 quod
1091 1177 1123 1232 in
1139 1172 1218 1233 illud

107 1257 227 1330 ibatur,
247 1259 293 1315 sic
314 1257 515 1335 appellatum,
538 1258 620 1338 quod
640 1260 735 1317 aereis
752 1260 863 1338 tegulis
877 1269 990 1318 tectum
1006 1270 1095 1319 esset.
1138 1257 1218 1319 illud

107 1345 288 1401 Anastasius
312 1344 491 1420 imperator,
523 1342 666 1403 Aetheria
691 1342 853 1403 architecto
878 1347 1059 1423 peritissimo
1079 1365 1168 1421 usus,
1197 1364 1218 1405 a

107 1425 318 1487 fundamentis
332 1429 516 1486 excitaverat
534 1438 563 1487 et
579 1431 610 1487 in
626 1427 836 1488 admirandam
851 1428 1041 1505 altitudinem
1057 1427 1217 1507 eduxerat,

106 1524 142 1571 ut
156 1510 246 1571 docet
258 1514 455 1590 epigramma,
477 1512 558 1593 quod
572 1512 700 1573 habetur
712 1517 743 1572 in
755 1511 942 1594 Authologia
954 1516 1006 1573 Gr.
1020 1512 1042 1579 4
1062 1516 1116 1578 23.
1159 1535 1219 1574 no-

105 1599 199 1657 minis
222 1602 371 1657 rationem
395 1597 494 1657 firmat
513 1597 681 1675 cedrenus,
704 1601 836 1660 scribens
855 1602 897 1659 ita
916 1601 1102 1680 appellatum
1117 1593 1219 1663 badad

106 1682 141 1747 ts
159 1687 281 1763 galerio
295 1679 438 1761 septipes
449 1684 685 1765 κεχρυσωμένων
699 1682 889 1765 ἐστεγάοθαε.
933 1705 1002 1745 cum
1018 1703 1108 1767 porro
1120 1686 1153 1742 in
1166 1704 1218 1744 se-

107 1766 224 1828 ditione
235 1770 483 1843 Victoriatorum,
505 1779 540 1827 ut
557 1780 602 1829 est
616 1772 648 1827 in
662 1767 732 1829 chr.
744 1770 969 1845 Alexandrino,
992 1770 1217 1849 conflagrasset,

105 1853 187 1913 illud
201 1872 321 1912 rursum
332 1854 509 1912 instaurarit
522 1863 551 1913 et
563 1855 595 1913 in
607 1857 739 1934 priorem
751 1855 943 1915 altitudinem
959 1854 1065 1914 eduxit
1074 1856 1220 1913 iustinia-

105 1958 185 2013 nus,
209 1936 468 2019 quemadmodum
483 1940 574 1998 refert
586 1944 767 2021 Procopius,
790 1962 807 1999 a
823 1961 883 2023 quo
897 1961 1012 2001 uorum
1025 1939 1107 2001 istud
1121 1941 1220 1998 tricli-

105 2028 195 2083 nium
217 2024 394 2083 describitur
416 2022 454 2082 de
475 2024 576 2084 Aedif.
600 2031 615 2088 1
643 2028 693 2091 10.
747 2036 878 2085 statuam
898 2046 970 2086 vero
990 2028 1219 2101 lustiuianeam,

105 2128 190 2191 qnae
210 2113 376 2168 immensae
397 2111 487 2169 malis
504 2120 534 2169 et
548 2110 716 2169 altitudinis
737 2113 871 2186 exstitit,
892 2109 1067 2169 describunt
1081 2110 1220 2189 pluribus

104 2194 196 2254 idem
213 2196 375 2273 Procopius
393 2198 408 2255 1
433 2198 468 2268 2,
491 2206 520 2253 et
542 2216 583 2252 ex
604 2216 640 2253 eo
657 2193 862 2274 Pachymeres
882 2198 916 2251 in
939 2191 1082 2274 ἐκφράσεε
1094 2188 1220 2272 Αὔγου-

104 2282 267 2353 wardone,
289 2298 380 2361 quam
396 2280 458 2356 legi
472 2282 503 2335 iu
518 2298 564 2338 ms
581 2276 781 2338 bibliothecae
797 2281 919 2358 Regiae,
941 2275 1126 2358 Nicephorus
1140 2279 1220 2337 Gre-

104 2384 200 2445 goras
213 2366 236 2421 l.
250 2368 286 2438 7,
309 2367 361 2445 qui
376 2365 459 2421 illius
477 2362 679 2423 dimensiones
696 2366 849 2439 exaravit,
872 2362 1058 2443 Nicephorua
1075 2364 1218 2423 Callistus

104 2454 137 2509 in
158 2452 316 2531 prooemia
334 2450 411 2507 Hiat.
426 2468 456 2527 p.
475 2450 532 2522 16,
554 2452 682 2507 loannes
696 2452 824 2509 Tzetzes
841 2446 920 2507 chit.
935 2453 955 2513 8
976 2470 1007 2507 n.
1023 2446 1100 2520 184,
1123 2446 1218 2507 codi-

104 2556 178 2611 nus,
203 2535 374 2593 Gulielmus
399 2532 437 2591 de
459 2532 642 2591 Raldenzeel
659 2536 690 2591 in
708 2534 1060 2614 Hodoeporicop.103,
1081 2532 1219 2592 bandel-

105 2623 240 2680 montius
262 2622 294 2676 in
315 2618 454 2699 descript.
476 2619 540 2694 GP,
564 2630 594 2677 et
615 2620 733 2696 Gyllius
753 2623 774 2682 2
796 2622 847 2683 17.
891 2639 932 2678 ex
952 2615 1112 2698 praedictis
1128 2637 1218 2724 porro

105 2706 303 2785 scriptoribus
319 2706 440 2763 Graecis
456 2704 552 2783 liquet
567 2714 681 2763 statuae
697 2706 775 2786 ipsi,
795 2703 921 2785 perinde
937 2724 972 2763 ac
987 2705 1068 2779 soro,
1090 2710 1217 2786 Acyao-

105 2795 257 2865 παιῶνος
275 2810 386 2847 nomen
404 2786 536 2847 inditum
552 2789 655 2848 fuisse.

191 2876 246 2939 25.
291 2876 354 2933 Tot
368 2878 460 2953 igitur
473 2874 627 2953 praeclara
639 2874 790 2933 vestibula
805 2883 836 2931 et
849 2873 941 2947 atria,
961 2882 1009 2931 tot
1032 2872 1167 2951 insignes
1182 2891 1216 2930 ac
1232 2886 1256 2942 p
1273 2888 1327 2945 542

104 2980 294 3025 marmoreae
315 2961 447 3039 porticus
469 2958 537 3018 aedi
560 2962 619 3040 ipsi
640 2961 751 3038 partim
773 2959 966 3018 obversantes
980 2960 1091 3035 partim
1106 2956 1218 3015 adiun-

105 3058 187 3125 ctae,
212 3048 286 3105 satia
306 3044 460 3104 declarant
478 3056 625 3126 quantum
641 3043 731 3103 aedes
748 3046 815 3123 ipsa
829 3046 910 3101 intus
925 3045 1077 3101 contineat
1091 3044 1217 3121 elegan-

105 3136 163 3191 tiae
189 3152 227 3190 ac
250 3129 383 3205 decoris,
407 3140 436 3189 et
461 3140 494 3187 ut
515 3131 615 3188 verbis
638 3140 706 3188 utar
728 3131 869 3208 Procopii
887 3127 925 3186 de
942 3128 1217 3207 Hierosolymitano

105 3216 250 3298 deiparae
263 3218 378 3295 templo
392 3216 565 3291 scribentis,
588 3210 739 3297 μηνύουσι
755 3220 819 3287 τοῖς
835 3214 893 3275 ἔσω
907 3214 1009 3274 ἰοῦσιν
1026 3210 1124 3297 ὁποίῳ
1138 3209 1217 3274 θεά·

104 3326 176 3385 ροτε
198 3303 334 3381 ἐντυχεῖν
355 3298 508 3381 μέλλουσι,
540 3310 574 3359 ut
598 3320 668 3358 vero
694 3300 818 3358 Eusebii
842 3297 963 3357 devita
986 3298 1089 3357 const.
1116 3302 1136 3362 8
1163 3302 1216 3373 38,

104 3395 169 3462 τοῖς
193 3384 254 3466 τήν
277 3382 361 3459 lardo
382 3388 510 3466 secpsius
526 3384 723 3463 ποιουμένοις
739 3379 983 3462 καταπληκτικήν
999 3389 1144 3462 παρεῖχον
1159 3377 1218 3462 τὴν

103 3477 168 3535 τῶν
195 3473 288 3535 ἔνδον
310 3470 469 3552 ὁρωμένην
493 3469 589 3546 θέον,
611 3470 720 3550 quibus
737 3467 888 3549 quaedam
909 3479 1109 3528 consentanea
1125 3466 1218 3527 habet

104 3561 185 3617 Hist-
205 3560 246 3621 10
267 3554 298 3619 4.
342 3576 411 3614 cum
432 3574 501 3635 ergo
521 3574 612 3615 nemo
629 3557 685 3629 sit,
708 3557 758 3613 cui
771 3552 820 3613 his
833 3556 997 3635 perspectis
1010 3563 1063 3611 eut
1075 3554 1217 3632 perlectis

103 3646 209 3703 nescio
232 3640 316 3722 quod
334 3643 435 3700 animo
457 3661 518 3701 non
541 3642 693 3703 oboriatur
709 3650 774 3697 tam
791 3638 904 3717 grande
924 3640 1104 3697 miraculum
1121 3638 1218 3696 oculis

104 3726 276 3809 usurpandi
296 3724 500 3802 desiderium,
517 3736 584 3799 tum
604 3736 637 3783 ut
658 3724 748 3784 huius
768 3724 846 3783 liber
861 3734 962 3804 pateat
977 3723 1091 3795 aditus,
1112 3732 1218 3801 portae

104 3814 191 3875 aedis
215 3810 397 3893 aperiendae
417 3822 496 3871 sunt.
538 3812 640 3891 plures
665 3820 767 3868 autem
786 3820 922 3888 prostant
939 3812 1122 3881 etiamnum,
1145 3807 1217 3884 pla-

104 3918 215 3982 reeque
237 3901 382 3957 exstitere
404 3898 495 3973 olim,
517 3899 549 3955 in
571 3906 713 3978 quattuor
732 3897 840 3975 templi
858 3895 1019 3968 lateribus,
1043 3894 1071 3951 si
1089 3893 1216 3971 quibus-

105 3984 178 4045 dam
201 3987 365 4043 neotericis
386 3982 471 4049 fides.
515 3984 553 4041 ab
578 3980 732 4041 occidente
754 3984 852 4055 enim,
874 3999 934 4062 qua
948 3981 1100 4037 maximus
1116 3975 1216 4035 aditus

103 4074 186 4132 illius
202 4082 266 4147 est,
289 4088 402 4129 novem
421 4070 514 4147 portis
530 4066 609 4127 illud
626 4069 733 4141 initur,
758 4076 792 4140 ut
809 4076 912 4125 auctor
926 4075 971 4123 est
985 4064 1114 4143 Gyllius.
1158 4059 1217 4121 ha-

104 4178 170 4217 rum
192 4174 362 4216 numerum
384 4174 446 4213 non
471 4154 620 4234 expressit
643 4153 849 4211 silentiarius:
871 4147 1007 4209 sedcum
1020 4148 1147 4207 dixisset
1162 4167 1217 4205 re·

103 4244 248 4303 stibulum
279 4262 337 4302 seu
364 4242 514 4320 porticum
537 4236 753 4299 occidentalem
779 4234 892 4296 habere
910 4244 1028 4314 septem
1052 4244 1168 4314 portas,
1199 4253 1217 4289 e

104 4332 213 4411 quibus
234 4348 298 4390 ama
321 4324 362 4385 ad
383 4324 540 4383 meridiem
563 4326 654 4384 altera
673 4320 712 4381 ad
728 4324 965 4403 septentrionem
981 4329 1111 4398 prostat,
1133 4314 1217 4377 addit
