3017 4817
263 292 299 343 rt
730 266 902 339 mtvtl

266 488 423 551 convertit.
464 485 519 547 sed
540 485 592 547 bio
612 497 764 569 postremo
785 494 935 571 quantum
951 483 1118 566 sapientiae
1138 492 1210 545 tuae
1231 504 1305 546 cum
1325 506 1378 546 re·

267 610 339 690 gina
360 616 456 667 matra
476 607 621 667 tribueret
641 603 789 681 ostendit,
816 622 888 665 omn
913 603 1004 663 ambo
1023 612 1055 662 te
1075 602 1192 665 uldmis
1216 625 1235 663 e
1256 606 1378 664 Galliae

267 726 376 787 finibus
406 724 598 801 exciverunt,
627 742 720 806 quem
747 722 952 785 formidolosis
978 723 1165 805 temporibus
1184 720 1221 783 in
1239 722 1377 806 quadam

267 846 352 907 velut
373 844 493 925 imperii
513 842 636 923 specula
657 842 855 921 collocarent,
882 838 1036 925 siquidem
1063 821 1177 923 pacato
1190 843 1270 902 mari
1289 852 1376 902 nan-

266 964 422 1047 quilloque
443 961 526 1021 caelo
546 961 636 1021 facile
658 963 753 1023 cuivis
780 962 974 1042 gubernatori
996 959 1145 1039 ereditur,
1177 962 1231 1022 tel
1253 958 1377 1021 medio-

269 1082 360 1143 criter
385 1083 498 1161 perito,
526 1082 560 1139 iu
584 1080 718 1160 periculo
748 1098 840 1141 nemo
864 1090 911 1141 est
935 1080 990 1164 qui
1016 1100 1079 1141 non
1101 1098 1190 1157 eum,
1214 1080 1243 1140 si
1262 1090 1372 1163 potest,

268 1198 429 1277 adsciscat,
452 1219 545 1282 quem
564 1200 798 1261 scientissimum
817 1197 1144 1281 prudentissimumque
1165 1201 1313 1279 cognorit.

352 1322 390 1379 ln
420 1338 481 1401 quo
507 1337 604 1380 unum
631 1324 677 1377 est
703 1316 831 1376 minime
850 1315 1119 1397 praetereundum,
1148 1316 1232 1401 qnod
1253 1314 1374 1378 adhoc

267 1440 426 1519 negotium
445 1436 577 1497 multum
596 1438 741 1499 interesse
762 1436 871 1497 sentio.
911 1454 986 1497 nam
1004 1436 1142 1518 plerique
1160 1437 1214 1519 qui
1228 1436 1374 1517 prodesse

268 1558 417 1638 sapientia
438 1576 493 1617 sua
513 1556 634 1637 publice
656 1554 793 1632 student,
815 1573 974 1636 operosam
992 1556 1081 1615 illam
1099 1553 1248 1616 duntaxat
1267 1576 1303 1617 ae
1324 1578 1376 1616 re-

268 1676 326 1735 bus
349 1672 704 1755 gerendis·exeroitetam
728 1671 888 1751 adhibent,
921 1692 990 1731 eam
1019 1693 1092 1735 vero
1123 1693 1201 1757 quae
1227 1676 1261 1733 in
1288 1676 1376 1737 libris

270 1790 475 1875 doctrinisque
496 1795 643 1871 cernitur,
663 1804 810 1874 tanquam
832 1793 1002 1854 civitatibus
1021 1794 1159 1853 inutilem
1176 1792 1294 1855 feriatis
1315 1793 1376 1856 lto-

269 1912 406 1972 minibus
427 1912 611 1993 relinquunt.
653 1921 688 1971 tu
708 1929 780 1971 vero
801 1910 846 1970 sio
865 1920 1025 1993 utramque
1052 1910 1264 1973 admirabiliter
1283 1935 1376 1975 oom-

268 2029 380 2109 plexus
408 2050 457 2108 es,
487 2039 521 2091 ut
550 2050 621 2091 oum
646 2048 737 2089 nemo
762 2025 987 2089 nouandarum
1009 2050 1111 2090 rerum
1130 2032 1242 2092 maiore
1261 2036 1377 2113 peritia

269 2148 325 2224 sit,
353 2158 421 2209 tum
446 2170 505 2212 usu
529 2152 685 2211 literarum
710 2169 746 2209 ao
766 2143 978 2231 philosophiae
997 2148 1098 2212 studio
1117 2148 1168 2213 his
1186 2156 1375 2235 temporibus

270 2270 444 2329 antecellas.

354 2392 441 2449 Hanc
462 2390 545 2451 enim
565 2391 681 2470 primus
701 2388 781 2448 inter
803 2386 922 2465 Gallos,
943 2385 1044 2449 utillo
1058 2386 1214 2472 quondam
1229 2392 1263 2451 in
1278 2394 1374 2455 Grae-

135 2538 138 2545 *
271 2506 318 2565 cia
344 2506 497 2583 Socrates,
528 2507 724 2585 languentem
750 2508 785 2565 in
810 2504 922 2567 sobolis
943 2507 982 2567 ab
1004 2508 1100 2570 otiose
1120 2513 1371 2592 contemplatione

269 2642 390 2683 morum
411 2622 450 2683 ad
470 2626 631 2685 utilitatem
656 2644 807 2705 usumque
826 2627 1015 2687 transtulisti.
1056 2636 1124 2687 tum
1144 2650 1181 2689 ea
1201 2633 1372 2691 monimen-

269 2744 308 2802 e·
335 2741 487 2805 manduc
515 2744 673 2825 pluente,
708 2742 820 2824 qnae·
847 2754 879 2803 et
904 2742 1026 2807 nanos
1053 2748 1171 2810 ersom
1190 2750 1250 2809 ua
1272 2760 1303 2809 et
1322 2752 1374 2811 e-
1496 2731 1497 2736 '

269 2860 360 2923 vendi
381 2864 438 2923 tibi
458 2863 551 2923 etiem
573 2882 608 2923 ac
629 2863 752 2943 reliquis
773 2862 915 2943 exempla
934 2866 1164 2945 praescriberes.
1206 2868 1318 2949 quibus
1339 2872 1373 2928 in

269 2980 355 3043 libris
376 2984 420 3042 ita
440 2984 558 3045 virtutis
580 2992 650 3043 tuae
671 2982 838 3062 imaginem
858 2982 1051 3068 expressisti,
1079 2994 1114 3045 ut
1134 3006 1186 3047 eos
1206 3006 1267 3045 una
1288 2988 1375 3048 relut

268 3100 397 3179 pignora
423 3100 603 3185 obsidesque
630 3100 727 3162 Gallis
757 3098 909 3179 traderes,
936 3112 972 3161 ut
998 3123 1076 3186 quae
1098 3115 1151 3165 tua
1169 3104 1269 3165 inusta
1290 3118 1376 3168 esset

269 3218 477 3296 reipublicae
497 3218 648 3302 gerendae
669 3221 762 3297 ratio,
793 3231 940 3303 tanquam
967 3240 1009 3284 ex
1033 3226 1179 3305 praetoris
1198 3220 1297 3286 edicto
1317 3246 1377 3287 co-

269 3347 465 3414 gnoscerent,
493 3356 593 3423 neque
619 3359 689 3401 eam
715 3356 852 3421 unquam
877 3339 970 3401 licere
994 3338 1167 3421 crederent,
1194 3362 1288 3425 qaam
1307 3354 1377 3407 tute

267 3453 325 3513 tibi
353 3456 564 3535 imposuisses,
594 3476 757 3540 personam
785 3455 953 3523 detraham
1004 3459 1086 3545 quod
1114 3459 1241 3545 quidem
1268 3466 1377 3545 paucis

268 3568 318 3633 bis
339 3576 510 3653 mansibus,
531 3594 574 3637 ex
594 3598 654 3661 quo
675 3596 813 3659 praeesse
834 3580 864 3663 qi
883 3580 1002 3640 muneri
1023 3582 1166 3663 coepisti,
1188 3584 1312 3663 egregie
1329 3593 1379 3645 est

268 3710 289 3751 a
310 3702 340 3752 te
360 3695 545 3774 perfectum
567 3716 666 3778 neque
687 3700 850 3780 quisquam
869 3696 1004 3775 dubitat,
1026 3699 1196 3761 enimmodi
1215 3700 1294 3762 haec
1314 3704 1379 3763 ini·

268 3812 313 3870 tia
340 3822 430 3889 suut,
464 3814 538 3895 quin
568 3814 651 3875 beeri
680 3834 736 3895 per
761 3824 793 3875 te
819 3812 910 3877 buius
929 3817 1050 3900 imperii
1069 3818 1155 3881 salus
1174 3822 1322 3884 comtitni
1342 3841 1379 3881 ao

269 3930 373 4011 legum
395 3934 555 3993 auotoritas
575 3937 745 4015 recuperari
763 3936 869 4014 possit.

351 4052 417 4109 Hac
444 4060 479 4111 tu
505 4054 642 4133 grarime
669 4072 740 4115 oure
763 4056 855 4115 sbnul
875 4074 911 4115 ac
930 4058 1106 4137 perfunctus
1126 4058 1186 4119 eris
1207 4066 1239 4117 et
1259 4056 1379 4119 mucra

268 4164 322 4224 illa
343 4169 428 4247 regni
445 4174 568 4251 negotia
589 4172 741 4255 sapienter
761 4175 939 4256 explicaris,
964 4188 1031 4239 tum
1051 4187 1082 4239 te
1102 4173 1143 4237 ad
1163 4174 1241 4239 baso
1260 4188 1380 4254 noem,
