3017 4817
434 286 688 361 DESCRIPTIO
712 288 746 358 S.
771 288 962 359 sortitas,
1170 289 1245 363 137

137 454 307 517 tabulatum
319 472 421 533 omns,
435 474 490 517 sau
502 453 648 537 quicquid
658 455 748 515 berna
761 474 780 514 a
792 474 853 516 nao
865 464 994 536 separat,
1009 465 1108 517 totum
1119 468 1243 539 argemo

137 541 303 604 obductum
316 542 420 601 fauerit.
463 542 652 603 silentiarius
663 552 744 647 part.
757 546 819 606 izv.
832 544 914 608 265:

263 625 374 691 καλ
334 652 404 734 γαρ
407 622 483 691 οσον
488 624 648 732 μεγάλοιο
652 621 730 707 πρὸς
744 623 910 709 λρθριον”
887 648 1003 711 cvrare
1016 630 1098 709 νηοῦ

264 716 365 818 χοῖρον
383 707 613 819 α’ναιμάκτοισιν
628 706 828 818 άιεεκρλναντο
845 718 993 793 θυηλαῖς,

266 791 326 861 odra
324 797 464 904 λλὲφας,
486 791 525 861 od
541 801 644 879 τμῆμα
657 791 793 861 ttccv
769 821 790 877 η
803 795 913 877 χαλκιλς
927 796 1035 877 ὁρίζει,

265 876 333 945 άλλ’
350 878 424 947 ὅλον
436 880 658 986 λθρλγκοισιν
636 906 680 945 οιτ
687 876 886 964 ’άρμνράοισι
899 879 1064 962 μετάλλοις.

135 986 177 1027 ex
198 968 311 1049 quibus
334 972 426 1027 etiarn
442 971 605 1048 percipitur
621 969 770 1029 cancellos
784 968 912 1028 bematis
928 966 1075 1047 Sophiani
1092 969 1245 1030 exstitisse

135 1053 192 1113 sub
210 1072 284 1111 ιιιοιι
298 1056 446 1129 orientali,
470 1074 522 1135 qur
513 1051 792 1133 'hemisphaerium
803 1058 941 1113 sustinet.
968 1074 1005 1112 ea
1022 1064 1127 1113 autem
1139 1056 1246 1113 berna-

135 1141 175 1197 tis
195 1138 334 1197 tabulata
351 1159 413 1198 non
432 1142 530 1198 unicis
548 1139 689 1199 cancellis
709 1140 760 1198 vel
778 1140 907 1214 tabulis,
937 1158 1011 1220 quas
1025 1138 1144 1214 πλάκας
1157 1150 1247 1199 vocat

135 1224 339 1298 silentiarius,
357 1225 543 1299 constabant,
555 1222 631 1284 sed
622 1245 655 1283 ιιι
669 1226 707 1283 λλι
723 1222 883 1283 duodecim
894 1227 1071 1304 praesertim
1085 1227 1246 1309 columnae

135 1319 263 1387 argento
277 1270 402 1389 perinde
415 1313 540 1369 vestitae
556 1310 762 1388 assurgebant,
786 1327 864 1390 quae
874 1312 917 1368 ita
933 1309 1095 1389 dispositae
1109 1323 1194 1371 erant
1209 1322 1244 1374 ut
1338 1326 1344 1354 ¹

134 1394 227 1455 binae
242 1397 336 1455 simul
352 1393 555 1454 cohaererent.
597 1393 681 1453 idem
694 1395 884 1455 silentiarius
898 1405 976 1474 part.
990 1400 1055 1459 2v.
1070 1399 1151 1461 269:

266 1474 340 1543 ονίλλ
354 1474 461 1561 μλν’
425 1503 460 1543 ον
479 1476 608 1583 μοάνοις
624 1478 674 1543 oct
689 1482 825 1561 τείχεσιν,
846 1476 969 1544 ὁππόσα
984 1474 1102 1563 μάσιην

264 1561 363 1643 ανλρα
379 1570 456 1628 nolo
458 1561 604 1650 γλάσσοιο
619 1565 829 1669 διακρίνωσιν
841 1564 959 1643 όμλλον,

263 1646 381 1733 γυμνάς
397 1593 545 1757 ιλργιιρέας
559 1650 646 1757 ἔβαλε
660 1644 792 1724 πλάκας·
825 1644 902 1713 άλλά
916 1649 968 1713 καλ
981 1644 1095 1727 ανεοιλς

261 1738 370 1810 κίονας
385 1730 577 1843 ιλργνρέοισιν
592 1733 683 1810 ολονς
697 1732 832 1839 ἐκάλυψε
844 1730 999 1838 μετάλλοις

263 1816 437 1901 τηλεβάλοις
450 1817 606 1883 σελάισσιν
622 1815 812 1900 λελαμιιάιας
829 1814 915 1896 ἔξάσι
928 1814 1043 1925 λοιράς.

134 1903 172 1961 iis
194 1899 356 1965 adiunctae
380 1916 465 1965 erant
482 1908 583 1965 variae
603 1906 733 1964 tabellae
748 1907 946 1979 orbiculatas,
975 1908 1009 1963 in
1024 1904 1133 1987 qm'bus
1149 1924 1241 1985 opere

133 1990 299 2068 sculptorio
314 1990 450 2070 depictae
465 1993 574 2050 erant·
565 1994 713 2069 imagines
725 1989 845 2065 Christi,
869 1993 1057 2093 angelptum,
1077 1989 1244 2070 propheta-

134 2092 213 2147 rum,
237 2078 442 2157 apostolorum
461 2085 492 2134 et
508 2074 659 2156 deiparae.
701 2078 734 2133 in
745 2036 847 2135 rnedid
861 2096 943 2151 vero,
957 2077 991 2133 iu
1002 2077 1104 2134 tabula
1117 2076 1243 2155 perinde

133 2163 240 2236 tereti,
281 2160 399 2240 depicta
430 2172 514 2219 erant
541 2160 650 2221 eodem
674 2178 765 2239 opere
788 2162 951 2239 sculptorio
982 2168 1244 2238 monogrammata

133 2244 295 2303 Iustiniani
315 2258 345 2306 et
367 2244 564 2323 Theodorus,
606 2264 759 2305 unacum
783 2248 878 2305 crucis
901 2246 1009 2325 figura.
1053 2246 1245 2308 silentiarius

133 2346 166 2388 v.
179 2331 265 2394 295·

261 2414 293 2490 λς
306 2412 340 2478 λλ
355 2412 447 2496 μλσοις
457 2414 551 2519 lepori
563 2410 682 2490 πλάκας
697 2413 814 2517 λρκιος,
838 2414 873 2477 αἳ
884 2411 954 2497 ιιιρλ
969 2417 1075 2492 φολτας

264 2495 403 2581 ειλιέρονς
414 2496 553 2585 τεάχοοσι
568 2502 734 2606 μιταλχμια,
755 2494 880 2603 γράμμα
894 2496 1039 2605 χαράσσιι

261 2584 287 2666 ἠ
302 2586 412 2667 μλοφλς
422 2587 458 2649 iv
471 2582 672 2667 πολύμυθον.
694 2580 824 2658 intrita
838 2580 897 2666 γάρ
912 2579 1049 2666 άνάσσης

264 2668 383 2777 οὕνομα
397 2671 450 2735 καλ
462 2672 622 2773 βασιλῆος·
644 2672 714 2733 λ’σον
728 2692 763 2753 ys
777 2667 833 2749 μλν
845 2664 1036 2774 άμφαλολσσῃ

265 2750 373 2819 iustu
386 2749 619 2861 μισσιιλοισι’
582 2779 681 2821 ιυτιον
694 2750 858 2836 κοιλήναιο
870 2749 981 2839 χάροις

59 2906 62 2913 ,
265 2837 397 2921 σιαοριλν
415 2836 513 2923 άιιαγγ
515 2841 649 2905 ἐλλουσοι.

134 2923 173 2985 de
185 2938 450 3006 monogrammate
463 2926 529 2985 dixi
541 2924 581 2985 ad
593 2929 699 2985 Annae
710 2921 903 2984 Alexiadem.

218 3016 276 3076 71.
319 3014 444 3071 Anao·
435 3032 467 3071 ru
480 3014 570 3072 berna
587 3010 686 3071 adiuro
702 3011 825 3090 patebat
838 3016 1093 3110 pertresportas,
1118 3026 1197 3089 qnae
1210 3010 1244 3070 in

136 3098 280 3158 macellis
294 3098 514 3177 aperiebantur,
536 3096 736 3157 mediam’c
682 3116 713 3155 ιιι
716 3104 839 3176 gentem
853 3095 904 3153 vel
917 3096 1072 3169 maiorem,
1094 3095 1169 3154 alies
1182 3097 1244 3154 mi-

135 3184 215 3243 noris
234 3180 452 3261 magnitudinis
466 3182 506 3243 ad
519 3193 680 3265 utrumque
697 3183 796 3258 latus,
829 3190 860 3239 ot
871 3189 907 3239 ut
918 3180 1040 3239 Paulini
1059 3180 1159 3241 verbis
1175 3190 1245 3241 utar

135 3269 235 3328 Natali
253 3274 308 3343 10,

263 3356 403 3433 trinaqrre
422 3352 565 3411 cancellis
581 3350 770 3413 currentibus
784 3352 863 3411 οιιὶιι
875 3350 1033 3429 pondrmt.

135 3435 217 3499 idern
230 3439 423 3501 silentiarius
439 3459 470 3501 v·
484 3441 563 3503 30οτ
705 3461 711 3473 ·

703 3518 755 3585 διά
768 3525 906 3629 ιρισσολν
912 3518 946 3584 tt
958 3519 1117 3625 θιιρλιρυν

264 3606 352 3691 ἕρκος
368 3603 443 3672 ολον
433 3601 607 3713 μάστῃσιν
622 3600 792 3690 ιλνολγεται·
816 3608 849 3670 lv
865 3603 922 3689 γάρ
941 3601 1050 3695 ἑκάστῃ

263 3698 381 3779 πλευρῇ
396 3690 532 3775 θύρετρα
548 3693 704 3775 διέτμαγεν
719 3687 884 3795 ἐργοπόνος
898 3694 971 3773 χείρ.

137 3779 288 3839 eiusmodi
310 3781 438 3839 bematis
461 3790 562 3859 portus
590 3778 677 3861 άγλας
698 3785 800 3861 θορας
820 3783 979 3857 scriptores
1004 3776 1111 3835 Graeci
1131 3774 1245 3853 passim

136 3876 255 3939 vocant,
279 3860 352 3945 άγιιι
363 3868 460 3946 coptu
474 3862 675 3944 Pachymeres
693 3865 713 3926 4
737 3868 779 3930 25
799 3874 829 3922 et
843 3866 905 3921 alii.
950 3863 1041 3921 refert
1056 3870 1161 3919 auctor
1172 3878 1245 3917 nar-

136 3953 262 4010 rationis
284 3948 323 4008 de
342 3951 431 4010 rebus
443 3954 625 4026 Armeniae
656 3946 754 4008 editus
776 3970 795 4008 a
810 3950 1006 4022 combefisio,
1036 3947 1073 4004 ab
1094 3948 1247 4020 Aunesis,

137 4039 192 4115 qui
205 4033 323 4116 synodo
338 4037 523 4115 cpolitenee,
546 4054 639 4119 quam
655 4038 793 4119 quintam
808 4046 928 4109 vocant,
951 4042 1172 4106 consenserant,
1189 4028 1249 4088 ha-

138 4138 207 4179 rum
222 4122 349 4227 alterarp
364 4124 576 4181 Ameniorurn
593 4132 711 4201 portam
727 4120 765 4179 de
782 4138 887 4180 eorum
905 4120 1028 4178 nomine
1032 4127 1248 4227 ‘nuncupatam

138 4206 251 4265 tunm
265 4210 307 4292 cpi
321 4201 449 4309 ὀνόματι
464 4202 564 4270 οοτολν
580 4202 725 4269 ἐκάλεσαν
739 4204 829 4288 cipiet·
838 4201 938 4279 πάλας
952 4208 1009 4288 τῆς
1021 4200 1249 4289 άγλοςΣοφλας,

139 4284 210 4372 ἥτις
221 4270 306 4376 μέχρι
319 4285 454 4379 σήμερον
468 4298 601 4359 καλεῖται
613 4296 677 4357 reia
688 4286 851 4377 Ἀρμινλιιν
864 4284 959 4372 πάλη.
