3017 4817
225 261 300 333 126
671 257 884 342 QUERGIUS

223 425 314 486 tradit
335 425 389 486 lib.
405 423 426 490 5
445 429 481 489 it
511 422 603 499 ἔθνος
623 420 656 488 dl
677 421 835 490 Σανθιαᾶν
855 423 888 489 ol
906 419 1035 506 Ἀβοροε
1056 426 1117 486 τῶν
1140 421 1336 508 ἆμαξοβίων,

222 517 286 576 τοῖν
306 508 385 594 delo
400 506 457 574 ede
477 503 646 574 Καύκασον
663 506 701 572 ια’
721 510 859 574 ἐπέκεινα
879 509 968 572 πεδία
989 508 1180 589 νεμομένων,
1208 513 1240 574 οἳ
1260 508 1337 586 τούς

223 601 416 682 γειτνιῶντας
433 589 589 678 Τοῦρνοος
602 595 749 659 monetet
763 589 957 678 πεφευγότες,
980 593 1046 657 ἐπεὶ
1061 599 1162 669 κακῶς
1178 592 1258 680 προς
1271 591 1336 659 url-

227 683 290 744 τοῖν
303 673 531 757 ἐπεπόνθεσαν,
552 680 601 744 tut
617 677 672 743 τόν
685 678 850 764 Βόσπορον
871 674 1019 759 ἐφίκοντο
1105 679 1208 762 μέχρις
1223 671 1262 744 od
1277 677 1336 758 erle,-

225 762 333 849 ἤϊὸνας
346 771 403 830 sori
417 762 536 850 Ἴστρον
553 762 767 848 medimnos,
796 764 848 829 sul
862 758 1159 846 πρόςἸονοτινιονόν
1173 761 1335 849 ἐπρεσβεύ-

229 873 331 918 σαντο.
373 853 504 931 Evagrio
527 851 640 910 similia
660 862 762 912 narrat
781 851 945 911 Simooatta
960 849 1013 908 tib.
1030 856 1050 916 7
1069 855 1101 913 7.
1146 863 1226 910 recte
1241 855 1335 932 igitur

226 935 331 997 Pisida
349 938 465 997 Abares
485 939 519 994 in
542 947 749 1017 contemptum
775 931 954 1012 ἆποσπάδας
978 938 1086 994 recisos
1108 948 1211 996 vocat:
1244 937 1333 996 dueta

228 1026 311 1082 enim
325 1020 503 1102 metaphora
516 1023 553 1081 ab
568 1023 708 1082 arborum
723 1026 937 1102 amputatione,
951 1040 1042 1103 quam
1055 1022 1117 1080 late
1131 1025 1333 1103 prosequitur,

229 1109 302 1168 dicit
315 1110 429 1167 Abares
452 1127 518 1168 esse
541 1109 661 1168 avulsos
679 1119 709 1167 et
727 1120 865 1168 exsectos
883 1128 899 1166 a
916 1108 1024 1167 Turois
1038 1107 1121 1168 velut
1134 1109 1284 1188 ignobiles
1299 1129 1335 1168 ao

229 1196 352 1254 inutiles
370 1213 481 1252 ramos.
519 1193 680 1252 ‘Heuricns
702 1193 874 1274 Stephanus
894 1194 927 1251 r'n
955 1191 1041 1250 Thea.
1064 1193 1190 1272 linguae
1214 1195 1269 1254 Gr.
1295 1193 1337 1252 ad

229 1300 336 1339 rooem
350 1272 511 1354 οἷποοπᾶς,
543 1297 613 1336 oum
635 1279 895 1340 animadvertisset
917 1270 1098 1352 οἷποσνεοὶὃας
1118 1277 1179 1338 diei
1201 1299 1218 1338 a
1238 1278 1335 1338 Suida

230 1361 302 1440 τούς
323 1357 578 1438 ἇνεοοπασθένεας
599 1364 735 1436 ανοιίεοε,
762 1357 994 1437 surrentinae
1010 1373 1113 1422 autem
1131 1360 1203 1440 τούς
1223 1357 1335 1426 ἄπονο-

230 1449 341 1524 reluere
361 1448 513 1507 ninneton
535 1451 599 1508 sire
616 1461 782 1522 castrator,
814 1460 894 1509 reote
917 1451 1043 1508 coniecit
1064 1469 1170 1508 rocem
1192 1443 1338 1523 οἷποονεᾶς

232 1557 298 1596 esse
311 1536 452 1594 feminini
467 1535 607 1614 generis,
629 1533 711 1616 quod
724 1547 808 1638 patet
823 1553 939 1614 exseq.
957 1555 1045 1592 verare
1059 1537 1110 1610 67,
1131 1536 1236 1616 inquo
1253 1535 1337 1594 Aba·

232 1643 279 1682 res
293 1631 438 1683 vocantur
451 1621 519 1702 ῥίζα
536 1623 592 1701 τῆς
610 1613 805 1698 diruemus,
829 1621 943 1680 seilicet
956 1613 1089 1702 ῥάβδου,
1111 1619 1200 1680 redte
1211 1619 1338 1680 amleae

232 1710 347 1788 virgae.

321 1813 371 1874 ta.
413 1808 528 1867 Abares
546 1827 565 1866 a
581 1807 691 1868 Turois
711 1809 793 1889 pulsi
811 1827 882 1866 num
901 1805 941 1868 ad
961 1807 1132 1868 Danubium
1146 1826 1243 1888 usque
1262 1826 1338 1885 per-

231 1896 333 1974 vagati
353 1902 470 1968 essent,
504 1893 541 1950 eb
554 1895 720 1953 Iustiniano
740 1899 816 1974 imp.
837 1905 939 1953 eontra
955 1895 1030 1953 alios
1049 1891 1183 1954 barbaros
1202 1893 1336 1970 populos

233 1984 266 2038 in
281 1979 431 2036 auxilium
446 1980 534 2036 ueniti
547 1988 634 2054 snut,
671 1990 701 2038 et
722 1983 755 2038 iu
771 1983 925 2039 Romanae
942 1977 1069 2038 dicionis
1083 1977 1154 2037 fines
1171 1979 1283 2056 recepti
1299 1997 1337 2034 ao

233 2063 320 2127 donis
335 2063 507 2142 ingentibus
521 2061 670 2124 honorati.
702 2085 769 2124 ram
785 2066 882 2125 fusius
895 2075 996 2124 narrat
1009 2061 1173 2124 Menander
1182 2065 1339 2122 Protector

234 2153 311 2208 inter
332 2160 470 2228 excerpta
490 2149 584 2229 legat.
600 2171 637 2227 p.
654 2152 716 2226 99,
749 2147 954 2231 Theophanes
969 2172 1005 2229 p.
1024 2149 1103 2225 143,
1139 2158 1230 2229 atque
1246 2167 1288 2206 ex
1302 2168 1339 2206 eo

234 2237 412 2296 Anastasius
432 2236 517 2292 lint.
537 2235 624 2294 Ecel.
648 2233 694 2292 ad
712 2258 766 2295 ars.
787 2237 899 2296 Iustini
920 2238 1051 2294 tertium.
1098 2255 1168 2294 oum
1185 2244 1288 2292 autem
1299 2233 1343 2290 ibi

236 2321 331 2381 semel
339 2314 555 2395 consedissent,
564 2340 628 2380 non
637 2317 709 2378 inde
725 2323 856 2401 amplius
869 2341 920 2380 eos
936 2319 1077 2382 eiicieudi
1083 2321 1230 2380 Romanis
1243 2321 1342 2397 irnpe-

235 2405 383 2466 ratoribus
393 2406 452 2464 fuit
460 2415 603 2484 potestas.
619 2407 766 2485 Corippus
773 2407 933 2466 Africanus
941 2407 978 2466 de
986 2405 1071 2464 zared.
1082 2406 1160 2464 luet.
1171 2405 1247 2464 min.
1258 2403 1340 2466 lib-3

235 2492 371 2551 Abarum
383 2491 519 2569 legatum
531 2489 627 2548 multa
639 2492 815 2568 iactantem,
849 2503 878 2551 et
899 2511 1024 2550 munera
1045 2491 1104 2550 sibi
1123 2490 1162 2549 ab
1177 2491 1340 2548 Iustiuiauo

238 2573 305 2634 dari
318 2574 407 2634 solita
419 2585 606 2652 repetentem
618 2573 744 2651 inducit,
763 2579 864 2656 legato
877 2578 1005 2656 superbe
1019 2577 1156 2656 loquenti
1169 2577 1277 2634 iratum
1291 2593 1341 2630 re·

237 2657 417 2739 spondetem
430 2662 588 2718 lustinum.
631 2662 675 2718 ita
690 2681 763 2720 sane
775 2666 908 2722 lustinus
922 2664 1040 2721 loeutus
1052 2672 1098 2720 est
1113 2672 1179 2720 trun
1195 2680 1263 2718 num
1277 2659 1340 2737 pri-

237 2764 326 2804 mum
338 2743 378 2802 ad
390 2747 553 2824 imperium
567 2755 613 2804 est
627 2757 759 2823 evectus,
774 2769 837 2807 uon
851 2746 992 2806 diffidens
1005 2766 1037 2807 se
1050 2749 1112 2806 suis
1125 2747 1241 2805 viribus
1256 2763 1342 2824 posse

237 2831 351 2892 Absres
372 2850 391 2889 a
409 2833 615 2890 Romanorum
632 2828 749 2892 dicione
766 2834 939 2912 expellere:
961 2830 1016 2892 sed
1030 2842 1135 2911 postea
1150 2834 1254 2910 ipsum
1268 2849 1346 2911 quo·

238 2937 316 2999 que,
338 2918 477 2998 qumvis
490 2917 621 2974 invitum
634 2913 757 2978 foedera
769 2920 906 2978 iunxisse
922 2937 991 2978 oum
1003 2919 1109 2978 invisis
1121 2916 1257 2976 barbaris
1272 2933 1346 2973 oon-

239 3012 298 3063 stat
311 3023 352 3062 ex
366 3003 506 3062 omuibus
521 2998 665 3062 historiis.

294 3125 378 3270 1628.
421 3122 536 3180 soilioet
550 3119 591 3180 ad
604 3123 685 3201 ripas
701 3122 833 3181 Danubii
847 3121 996 3199 oonstitit,
1023 3129 1058 3180 ut
1073 3118 1186 3180 dietum
1196 3129 1240 3178 est
1252 3135 1346 3196 supra

239 3227 275 3277 r,
336 3247 346 3264 .

327 3307 380 3372 26.
422 3309 538 3367 Abares
560 3329 630 3368 cum
654 3309 788 3390 primum
810 3307 850 3368 ad
871 3327 994 3368 amnem
1013 3326 1111 3388 usque
1128 3303 1347 3388 pervenissent,

241 3415 275 3454 se
292 3393 337 3450 eis
354 3395 465 3452 latrum
486 3413 548 3452 non
568 3413 633 3454 esse
651 3398 827 3454 transitruos
839 3397 1026 3468 iuraverant,
1056 3411 1090 3450 ao
1104 3393 1234 3452 Romani
1246 3399 1351 3447 eontra

242 3500 275 3539 se
288 3488 370 3537 trans
385 3480 497 3538 latrum
511 3499 574 3538 non
586 3482 681 3560 iturps
695 3483 905 3560 promiserant.
948 3476 1004 3538 sed
1015 3479 1101 3536 nulla
1115 3478 1173 3536 fuit
1189 3474 1264 3533 fides
1278 3473 1352 3531 bar·

241 3567 343 3638 baris,
365 3562 446 3623 unde
466 3575 511 3623 tot
532 3575 597 3625 orta
620 3568 700 3625 inter
723 3577 867 3648 utrosque
894 3561 1018 3624 dissidia
1032 3573 1061 3621 et
1074 3563 1172 3638 bella,
1205 3559 1353 3620 Romanis

243 3661 346 3710 autern
359 3647 468 3708 demna
484 3648 619 3709 maxima
632 3653 729 3710 illata.
771 3651 945 3710 Frauoisous
963 3650 1048 3706 Foris
1062 3645 1236 3720 Otrokoosi,
1259 3663 1354 3725 quem

243 3740 277 3794 in
297 3737 412 3796 lllonito
435 3735 642 3812 laudavimus,
682 3739 795 3795 nimius
815 3757 886 3795 saue
909 3742 954 3793 est
985 3733 1147 3813 Originum
1170 3731 1351 3810 Hungan'c.

201 3839 209 3862 ¹
242 3832 325 3900 part.
344 3825 360 3884 1
379 3843 407 3879 o.
424 3822 491 3886 6in
506 3819 703 3881 defendendis
716 3825 845 3896 Hunnis,
861 3839 937 3902 quos
951 3829 984 3877 ut
997 3820 1035 3876 ab
1047 3821 1130 3877 omni
1144 3815 1260 3874 invidia
1274 3815 1354 3872 libe·

246 3918 300 3983 ret,
322 3909 474 3966 Romanos
492 3906 675 3986 foedifragos
693 3907 776 3985 facit,
798 3926 867 3966 oum
878 3917 980 3964 umen
994 3914 1108 3962 constet
1121 3903 1206 3960 nullo
1221 3902 1289 3959 iure
1303 3919 1355 3957 eos

247 3994 279 4048 in
294 3993 425 4051 alienam
447 3991 598 4051 dicionem
616 3995 776 4072 irrupisse,
808 4013 866 4052 neo
887 3990 982 4052 semel
999 3991 1169 4048 iuramenta
1186 3997 1216 4046 et
1230 3984 1355 4046 foedera

248 4075 319 4134 dolo
331 4079 413 4136 malo
426 4079 572 4154 violasse,
603 4075 685 4159 quod
699 4097 739 4136 ex
755 4080 793 4138 iis
809 4097 887 4160 quae
899 4077 955 4136 sub
969 4077 1110 4134 Heraclio
1125 4075 1201 4154 imp.
1216 4073 1355 4151 contige-

249 4169 318 4218 runt
331 4163 440 4221 elarius
454 4164 575 4245 elucet„

334 4265 387 4326 80.
431 4275 511 4324 reete
525 4263 731 4348 πανεογείτων
748 4265 917 4345 appellatur
930 4267 1006 4326 later
1020 4267 1084 4326 sire
1099 4259 1275 4336 Danubius,
1304 4259 1362 4339 qui
