3017 4817
439 242 496 309 ΔΙ)
520 241 802 312 ΝΙΟΕΡΗΟΒΠΜ
825 243 977 310 NOTAE.
1187 245 1257 316 101

154 425 198 464 ex
221 407 266 468 eis
287 405 453 484 interfecit,
474 427 510 470 ac
525 418 677 489 postremo
691 409 831 470 Prasinos
850 419 954 469 ornnes
970 405 1066 468 edixit
1082 404 1187 489 γηιιίιι
1199 431 1256 474 πο·

153 485 345 566 λιεεάεσθαι,
366 495 399 552 in
420 495 533 554 αι’νὶιιιιι
551 514 612 554 esre
627 515 764 568 ιιιιιιιενος
786 494 869 576 quod
882 497 1032 554 Diaconos
1044 493 1256 554 nrilitarered-

153 575 244 636 didit.
287 579 337 636 rel
357 580 458 659 potius
478 578 561 638 idem
583 589 628 638 est
647 573 861 644 πολιτεύεσθαι
879 600 915 639 αα
932 580 1087 661 publicum
1101 581 1135 640 in
1149 601 1181 639 re
1194 601 1256 660 pu-

150 661 233 720 blica
246 681 356 722 munau
371 683 485 744 gerere.
528 685 588 746 quo
602 685 694 726 seusu
705 665 827 724 forsitan
842 666 973 724 militare
986 685 1004 722 a
1017 666 1112 724 Paulo
1125 682 1254 745 usurpa-

150 757 219 806 tum
240 758 300 822 est,
324 747 475 828 quomodo
496 761 526 810 et
544 753 690 810 recentior
710 761 792 810 aetas
813 753 943 810 militare
963 747 1041 809 dixit
1053 771 1107 831 pro
1121 771 1157 810 eo
1172 749 1254 832 quod

150 843 199 890 est
209 833 384 895 functiones
402 836 516 916 aliquas
537 855 659 914 gerere,
682 847 715 895 ut
737 835 896 912 officiales,
917 837 1049 910 scribae,
1071 837 1259 915 apparitores

150 927 218 992 eto,
241 921 293 997 qui
306 929 442 996 togatam
454 921 596 980 militiam
611 921 743 980 obibant.
788 942 829 980 ex
846 924 883 982 iis
898 931 1012 980 mutata
1029 922 1177 980 sententia
1191 924 1253 980 Ve-

148 1005 230 1061 netis
242 1004 330 1062 illum
342 1005 452 1064 favisse
463 1016 569 1086 postea
582 1016 707 1066 constat.
745 1003 814 1066 ideo
825 1019 894 1086 post
906 1010 971 1066 eius
983 1025 1091 1064 necem
1104 1007 1253 1066 Venetum

148 1085 285 1146 bandum
299 1108 354 1148 sen
366 1093 512 1150 vexillum
529 1093 561 1150 in
575 1093 652 1150 circo
666 1093 856 1153 combustum
870 1103 932 1169 est,
953 1102 987 1150 nt
1001 1094 1034 1148 in
1045 1089 1254 1151 Alexandrino

148 1171 298 1232 Chronico
311 1173 451 1254 legimus.
492 1196 579 1257 porro
598 1173 741 1235 hocloco
762 1179 914 1258 πρασίου,
933 1186 969 1236 ut
987 1177 1102 1234 eratin
1121 1173 1252 1253 schedis,

149 1259 340 1339 reliquimus.
930 1288 934 1296 ·

235 1364 266 1423 p-
281 1341 302 1408 4
315 1364 345 1402 v.
358 1348 411 1408 20.
453 1347 518 1417 τοῖς
537 1341 606 1422 περὶ
624 1337 680 1422 τήν
701 1341 886 1423 Καισαρίαν]
907 1339 1102 1402 incenderant
1116 1354 1148 1402 et
1162 1354 1249 1404 antea

146 1431 348 1506 praetorium,
371 1446 430 1509 quo
451 1447 524 1488 suae
544 1428 681 1486 factiosus
704 1420 841 1487 homiues
855 1446 873 1485 a
887 1425 989 1486 Phora
1008 1429 1123 1486 vinctos
1139 1427 1178 1487 ad
1191 1450 1248 1488 ne-

148 1533 216 1572 cem
234 1516 392 1594 eriperent.
427 1517 561 1572 Zonaras
582 1509 789 1592 Theophanes¹
811 1513 921 1570 etalii.
964 1513 1022 1570 fuit
1036 1513 1124 1592 cpoli
1137 1513 1248 1574 nobilis

145 1599 274 1656 basilice
287 1599 418 1659 Caesarii
431 1599 537 1679 titulo,
559 1599 610 1656 vel
622 1600 704 1658 ricus
717 1599 851 1658 fortassis
866 1595 956 1656 huius
970 1600 1119 1674 nominis,
1141 1599 1173 1656 in
1188 1619 1249 1678 quo

144 1683 290 1742 tabernae
313 1695 343 1742 et
364 1681 499 1742 aedificia
520 1679 686 1763 quaedam,
711 1703 789 1762 quae
809 1683 967 1742 Iustiniani
981 1693 1116 1762 tempore
1136 1685 1248 1741 confla-

146 1779 281 1846 grarunt.
314 1764 518 1846 Theophanes
531 1787 559 1826 a.
575 1770 731 1827 Iustiniani
747 1771 806 1834 86:
826 1762 922 1852 τούτῳ
936 1771 980 1849 τῷ
993 1765 1051 1830 ἔτει
1065 1765 1139 1847 μηνί
1155 1761 1249 1830 ὄντα·

144 1853 240 1938 βρίρι,
268 1851 367 1939 η’μίρςι
387 1847 426 1928 rl',
452 1851 558 1916 ίνδικε.
581 1846 610 1930 ι’,
633 1851 759 1932 ἑσπέρας
781 1854 912 1933 βαθείας
931 1851 1054 1936 γέγονεν
1076 1849 1252 1934 ἔμπρησμάς
1364 1849 1369 1857 ’

144 1937 239 2019 μέγας
262 1939 295 2002 ἐν
315 1943 380 2011 τοῖς
403 1939 606 2019 Καισαρείσυ,
630 1935 686 2012 ἔως
699 1941 755 2016 τῆς
768 1932 1129 2017 λεγομίνηςὈμφακερᾶς
1143 1933 1200 2000 ὅλα
1211 1932 1251 2000 τά

143 2021 328 2104 ἐργαστήρια
349 2020 401 2084 καὶ
423 2021 455 2084 ολ
474 2025 611 2096 πυλῶνες
632 2021 687 2094 ἕως
712 2026 768 2083 τοῦ
788 2018 877 2096 Βοός.
919 2021 1122 2101 supplendum
1137 2042 1178 2080 ex
1189 2025 1250 2081 (le-

145 2108 241 2168 dreno
262 2107 315 2168 sel
339 2103 459 2185 ἐκαύθη
480 2101 536 2169 άλα
558 2103 595 2170 τά
619 2105 681 2188 ίργ.
723 2105 806 2166 idem
826 2105 977 2166 Cedrenm
998 2108 1031 2169 oi
1042 2111 1179 2180 πυλῶνες
1193 2111 1251 2170 τοῦ

144 2189 228 2265 Βοός
247 2193 360 2252 scribit.
403 2202 526 2272 apparet
545 2187 583 2254 τά
605 2193 776 2270 Καισαρίαν
794 2193 845 2250 vel
861 2189 931 2269 περὶ
944 2185 1001 2271 τήν
1017 2192 1186 2274 Καισαρίου
1200 2195 1248 2250 ri-

145 2281 215 2336 cius
237 2277 331 2338 inisse
355 2279 473 2357 amplae
499 2274 619 2336 aridam
643 2277 785 2336 basilicae
806 2269 985 2357 ἐργαστήρια
1003 2273 1198 2357 aedificiaque
1216 2273 1250 2334 id

145 2383 242 2441 genus
266 2365 343 2436 alia3
376 2375 453 2442 quas
475 2371 544 2441 post
562 2359 735 2420 incendium
757 2359 835 2419 illud
857 2363 1038 2436 instaurata,
1071 2360 1170 2420 denuo
1192 2361 1249 2418 sub

143 2449 278 2507 Heraclii
300 2445 464 2506 adventurn
484 2450 606 2507 incensa
623 2457 693 2506 suat
709 2466 728 2504 a
745 2449 865 2506 Bonoso
883 2444 1032 2525 quodam,
1057 2448 1127 2526 qui,
1149 2457 1183 2504 ut
1204 2454 1250 2506 est

142 2535 176 2592 in
199 2534 292 2591 Alex.
313 2531 478 2605 Chronico,
499 2528 572 2612 μετά
593 2527 628 2596 τά
648 2534 751 2612 βαλεῖν
769 2524 861 2594 cirris
875 2533 938 2612 ιιῦρ
951 2531 1080 2610 πλησίον
1094 2533 1155 2592 reis
1170 2535 1250 2594 Καιτ

142 2621 254 2702 σαρίου
269 2620 303 2675 in
316 2618 388 2696 fuga
403 2619 599 2697 interemptus
613 2628 669 2676 est.

231 2723 263 2782 p·
277 2701 298 2766 6
310 2722 340 2761 v.
359 2706 386 2764 1.
431 2696 550 2776 Φάσιος
564 2701 597 2766 δέ
608 2699 670 2778 τις]
692 2704 836 2773 Zonaras,
858 2695 1010 2757 cedrenus
1024 2708 1071 2757 eto
1084 2696 1248 2758 Photinum
1263 2705 1286 2759 P
1302 2705 1339 2760 60

143 2787 229 2848 hunc
257 2788 426 2866 appellant,
454 2783 565 2846 Cirr-an.
593 2787 685 2846 Alex.
713 2783 875 2856 Photium,
905 2802 997 2863 quern
1018 2785 1060 2840 ait
1082 2794 1248 2841 curatorem

142 2875 240 2933 fuisse
258 2876 319 2934 τῶν
337 2872 520 2948 Πλαιιιδίας,
542 2868 576 2929 id
592 2880 637 2930 est
649 2869 757 2928 domus
769 2866 972 2928 Placidinuae.
1015 2869 1099 2926 ouius
1115 2870 1248 2929 muneris

142 2958 285 3018 meminit
306 2953 514 3036 Theophanes
529 2957 596 3014 loco
610 2959 751 3033 ¹proxime
769 2957 876 3026 citato,
897 2972 1034 3010 necnon
1054 2962 1084 3010 et
1105 2955 1247 3012 curatoris

141 3047 208 3108 τάν
231 3043 395 3122 Μυρίνης,
417 3059 495 3122 quae
517 3039 639 3106 Arcadii
660 3041 721 3098 fitia
740 3039 944 3101 nobilissimae
964 3037 1053 3097 titulo
1074 3037 1247 3114 insignitur.

143 3131 301 3208 utriusque
325 3125 433 3186 domus
455 3129 489 3184 in
511 3128 633 3206 regione
654 3127 671 3190 1
695 3125 779 3202 Cpol.
799 3132 967 3182 censentur.
1014 3125 1046 3180 in
1067 3119 1247 3182 eodem-illo

144 3213 286 3274 chronico
306 3213 437 3291 legimus
455 3209 599 3278 Photiurn
620 3230 689 3268 cum
711 3209 810 3268 Probo
829 3209 953 3287 patricio
971 3205 1104 3266 Plroeam
1118 3228 1159 3266 ex
1172 3205 1247 3266 aeds

113 3371 114 3376 ἵ
143 3295 302 3357 Michaelis
324 3295 510 3375 archangeli,
534 3317 612 3378 quae
624 3298 656 3355 in
669 3296 783 3374 palatio
797 3304 876 3368 erat,
897 3293 1079 3350 abstraxisse
1096 3298 1134 3379 τῇ
1151 3289 1176 3364 ς’
1191 3295 1248 3356 τοῦ

146 3375 244 3446 αὐτοῦ
255 3375 359 3462 μηνός,
381 3377 573 3462 διαφαοάσιγς
586 3379 701 3460 ἡμέρας
715 3377 865 3460 δευτέρας,
885 3375 944 3436 hoc
958 3383 1035 3441 est6
1050 3379 1114 3436 Oct.
1128 3379 1204 3436 feria
1213 3383 1245 3440 2.

145 3465 202 3528 sed
216 3487 271 3546 pro
288 3458 311 3536 ς’
327 3465 569 3528 substituendum
583 3477 629 3525 est
643 3463 676 3527 εἰ
687 3485 769 3526 ,nam
780 3467 808 3523 si
819 3465 883 3522 eins
896 3466 1009 3522 mensis
1024 3464 1131 3534 3feria
1143 3469 1163 3528 7
1175 3464 1243 3538 fuit,

145 3565 181 3614 ut
195 3552 285 3633 paulo
300 3561 369 3609 ante
384 3547 517 3627 dixerat,
539 3555 644 3631 ntique
660 3551 736 3615 feria
750 3555 771 3614 2
787 3546 923 3609 eiusdem
940 3548 958 3609 5
976 3547 1026 3606 die
1042 3547 1143 3606 fuerit.

232 3635 274 3696 ib.
298 3655 328 3694 v.
351 3639 401 3699 13.
443 3633 519 3700 ιιαιά
538 3632 596 3716 τήν
617 3639 674 3697 τοῦ
693 3631 790 3713 Βοός]
814 3637 962 3692 Zonaras:
983 3629 1018 3695 eo*
1039 3628 1072 3694 δὲ
1094 3625 1245 3710 δύστηνον

147 3725 236 3802 ccipe
251 3725 409 3802 καυθῆναι
421 3717 499 3784 sarci
513 3716 565 3784 τάν
577 3721 679 3793 Boio,
699 3719 778 3781 ἔνθα
787 3710 829 3798 ἦν
841 3713 984 3798 κάμινος,
1006 3713 1047 3790 οἷς
1061 3715 1189 3798 λέγεται,
1210 3713 1245 3777 ἐκ

146 3810 261 3889 γαλεοῦ
277 3805 549 3888 ιιαεεσυευασμίνη,
573 3810 670 3885 σγῆγια
689 3801 764 3878 Βοὸς
783 3803 907 3884 ἔχουσα,
927 3795 1005 3882 ἥπερ
1026 3800 1059 3864 in
1080 3797 1244 3883 Περγάμου

146 3886 324 3973 νενόμιστο,
346 3891 377 3966 l}
390 3882 429 3972 ἧς
442 3891 494 3956 καὶ
508 3891 526 3957 ά
538 3885 632 3964 σάπυς
646 3883 816 3969 ω’νάμαστο.
846 3899 911 3946 erat
922 3889 955 3944 in
968 3888 1089 3965 regione
1106 3891 1141 3950 11
1157 3887 1243 3964 Cpol.

231 3975 273 4035 ib.
288 3996 319 4035 v.
332 3979 384 4039 28.
426 3976 479 4040 ιιαλ
497 3973 551 4042 σάν
568 3974 736 4057 βασίλειον]
758 3993 818 4032 una
831 3993 901 4032 curn
912 3973 1021 4046 Fabia,
1041 3991 1132 4051 quae,
1155 3981 1186 4030 ut
1200 3971 1244 4043 ait

148 4059 316 4138 Gadrentu,
334 4061 470 4124 Endocia
492 4072 595 4144 postea
619 4060 699 4122 diota
723 4070 785 4135 est,
806 4061 945 4137 coniuge.
988 4054 1193 4136 Theophanes
1209 4077 1241 4134 p.

149 4150 212 4213 250
230 4149 271 4208 G:
295 4143 442 4212 είσελθιάν
458 4144 491 4210 tt
503 4141 675 4226 Ἡράκλειος
690 4146 732 4219 είς
747 4142 784 4208 τά
800 4139 1078 4224 βασίλειοιίσείφθη
1090 4139 1153 4212 alno*
1164 4145 1242 4221 Σερ-

148 4235 216 4315 γίου
229 4227 412 4316 πατριάρχου
426 4231 459 4300 ἒν
471 4237 513 4318 τῷ
527 4228 673 4317 ιιίιιειγρίφ
685 4235 741 4298 τοῦ
759 4228 849 4314 άγίου
865 4221 1026 4330 Στεφάνου
1042 4225 1074 4292 ἐν
1088 4231 1130 4313 τῷ
1144 4231 1241 4290 παλαι·
