3017 4817
578 268 824 342 usulcmo.
1084 294 1089 308 ·
1235 295 1258 343 v

152 514 209 556 neo
230 493 332 556 minus
351 501 455 555 tamen
475 487 515 551 etl
534 490 614 553 bene
633 491 783 571 beateque
798 484 965 551 vivendum
976 490 1161 569 nemmria,
1183 510 1258 553 con-

152 625 268 693 vertes,
298 634 334 675 ac
361 610 518 672 literarum
543 620 667 673 tuarum
694 608 864 671 salubritati
884 606 1085 693 dignitatique
1106 613 1256 673 eonsules.

152 736 236 797 venit
256 734 339 794 enim
358 728 437 791 mihi
456 732 491 791 in
511 741 661 808 mentem,
689 732 743 812 qui
769 739 840 789 tuus
866 740 937 790 ante
963 749 1077 811 paucos
1098 728 1163 792 dies
1183 752 1258 813 par-

152 855 318 915 timeam
339 848 461 911 auditus
480 851 593 933 purtim
613 850 652 910 ab
672 848 741 910 aliis
762 859 908 930 exceptus
927 868 1027 911 sermo
1046 850 1156 930 fuerit,
1187 872 1259 914 cum

152 984 187 1033 tn
207 969 286 1032 illud
305 969 500 1051 profitebere,
529 968 610 1031 nihil
628 970 685 1031 tibi
704 970 820 1051 gratius
839 988 976 1052 unquam
997 971 1150 1032 exstitisse
1170 972 1259 1034 bonis

152 1092 268 1151 artibus
288 1090 457 1171 artimnque
476 1088 595 1170 peritis,
614 1108 715 1173 neque
734 1091 769 1149 iu
788 1099 961 1171 posterum,
984 1110 1045 1175 quo
1065 1094 1164 1152 mmor
1182 1087 1258 1153 s'ub·

151 1207 277 1271 lerendi
296 1217 376 1269 esset
394 1208 539 1287 facultas,
558 1208 624 1269 ulla
642 1209 677 1269 in
697 1228 730 1269 re
752 1204 937 1270 defuturum.

238 1328 440 1403 Quamobrem
473 1338 509 1389 ut
540 1329 606 1388 eius
634 1328 718 1388 vocis
745 1328 925 1410 consiliique
951 1328 1157 1409 meminisses,
1187 1342 1260 1392 ten·

152 1466 248 1533 quam
276 1444 496 1508 admonitorem
523 1446 655 1525 allegari
681 1442 887 1526 Nicephorum
921 1456 1076 1525 nostrum
1114 1452 1169 1533 qui
1201 1452 1259 1511 tibi

152 1586 225 1629 cum
244 1568 386 1647 priuatim
406 1566 455 1626 sui
475 1564 718 1648 tumcommuni
737 1566 861 1624 nomine
883 1564 1039 1625 literarum
1058 1571 1260 1648 patrocinium

152 1688 301 1764 deferret,
330 1685 423 1746 simul
442 1686 535 1745 etiam
555 1695 689 1765 rogaret,
717 1682 801 1767 quod
819 1686 854 1743 in
873 1685 912 1746 iis
931 1685 1094 1749 mactandis
1113 1690 1259 1770 profiten.

154 1806 263 1889 disque
289 1814 391 1866 nostra
420 1806 546 1866 societas
573 1805 723 1883 elaboret,
755 1815 874 1885 partem
900 1815 935 1865 ut
962 1802 1002 1865 ed
1029 1826 1098 1867 eem
1123 1809 1258 1890 aliquam

154 1921 355 1987 solicitudinis
382 1920 474 1985 huius
502 1924 791 2009 benevolentiaeque
811 1923 1006 2003 transferres,
1036 1936 1072 1987 ut
1090 1928 1129 1987 iis
1150 1929 1260 2011 quibam

153 2064 245 2125 saepe
265 2043 375 2103 iactate
395 2053 442 2103 est
461 2042 608 2103 molestiis
628 2044 787 2124 perfuncta
805 2062 869 2104 non
888 2053 952 2103 tam
967 2046 1035 2125 ipsa
1049 2050 1260 2129 conquiescere

152 2164 267 2246 possit,
294 2180 387 2244 quam
408 2171 439 2221 et
459 2162 603 2223 eeclesiae
625 2160 732 2222 officiis
753 2162 892 2222 omnibus
913 2172 945 2223 et
966 2162 1170 2227 doctrinarum
1192 2179 1260 2229 stu-

153 2282 216 2345 diis
236 2282 350 2363 vigiliis
370 2280 584 2364 laboribusque
606 2282 668 2342 suis
690 2279 841 2341 commodi
862 2282 979 2365 aliquid
986 2276 1108 2345 'aliem
1152 2284 1190 2345 ‹le
1208 2306 1261 2348 me

152 2422 228 2465 vero
249 2398 332 2485 quoti
351 2402 513 2481 praecipue
539 2403 692 2483 postulem
710 2399 791 2461 nihil
811 2409 874 2479 est,
905 2404 967 2464 nisi
993 2414 1029 2465 ut
1056 2402 1199 2466 audaciae
1226 2406 1262 2465 in

152 2534 185 2585 te
207 2518 427 2603 intetpellundo
445 2539 535 2581 meae
556 2522 601 2583 sic
618 2522 758 2603 ignoscas
777 2533 813 2583 nt
833 2524 931 2583 amori
951 2542 1022 2604 erga
1042 2532 1074 2583 te
1093 2526 1260 2585 voluntati·
1309 2523 1313 2531 ’

154 2662 217 2729 que
237 2643 351 2705 faveas.
372 2640 452 2702 vele.
494 2642 630 2705 Lutetiae
651 2643 746 2705 Paris.
768 2645 790 2709 6
809 2639 874 2703 kal.
894 2641 980 2724 Sept.
1000 2662 1030 2703 a.
1051 2642 1084 2707 d.
1106 2649 1200 2714 1616.
