<?xml version="1.0" encoding="UTF-8"?>
<!DOCTYPE html PUBLIC "-//W3C//DTD XHTML 1.0 Transitional//EN"
    "http://www.w3.org/TR/xhtml1/DTD/xhtml1-transitional.dtd">
<html xmlns="http://www.w3.org/1999/xhtml" xml:lang="en" lang="en">
 <head>
  <title>
</title>
<meta http-equiv="Content-Type" content="text/html;charset=utf-8" />
  <meta name='ocr-system' content='tesseract 3.04.00' />
  <meta name='ocr-capabilities' content='ocr_page ocr_carea ocr_par ocr_line ocrx_word'/>
</head>
<body>
  <div class='ocr_page' id='page_1' title='image "./corpusscriptoru19theogoog_0386.png"; bbox 0 0 3017 4817; ppageno 0'>
   <div class='ocr_carea' id='block_1_1' title="bbox 243 291 1174 379">
    <p class='ocr_par' dir='ltr' id='par_1_1' title="bbox 243 291 1174 379">
     <span class='ocr_line' id='line_1_1' title="bbox 243 291 1174 379; baseline -0.011 -13"><span class='ocrx_word' id='word_1_1' title='bbox 243 291 316 366; x_wconf 75' lang='lat'>140</span> <span class='ocrx_word' id='word_1_2' title='bbox 406 294 580 379; x_wconf 66' lang='lat' dir='ltr'>011ssch</span> <span class='ocrx_word' id='word_1_3' title='bbox 599 294 658 362; x_wconf 85' lang='lat' dir='ltr'>DE</span> <span class='ocrx_word' id='word_1_4' title='bbox 676 293 941 362; x_wconf 80' lang='lat' dir='ltr'>HERAGLllDE</span> <span class='ocrx_word' id='word_1_5' title='bbox 960 291 1174 360; x_wconf 75' lang='lat' dir='ltr'>nomint.</span> 
     </span>
    </p>
   </div>
   <div class='ocr_carea' id='block_1_2' title="bbox 240 456 1363 4284">
    <p class='ocr_par' dir='ltr' id='par_1_2' title="bbox 240 456 1358 4115">
     <span class='ocr_line' id='line_1_2' title="bbox 241 456 1344 538; baseline -0.004 -17"><span class='ocrx_word' id='word_1_6' title='bbox 241 459 451 535; x_wconf 85' lang='lat' dir='ltr'>constitueret,</span> <span class='ocrx_word' id='word_1_7' title='bbox 478 469 514 520; x_wconf 87' lang='lat' dir='ltr'>ut</span> <span class='ocrx_word' id='word_1_8' title='bbox 534 479 575 520; x_wconf 88' lang='lat' dir='ltr'>ex</span> <span class='ocrx_word' id='word_1_9' title='bbox 589 456 721 519; x_wconf 65' lang='lat' dir='ltr'>meando</span> <span class='ocrx_word' id='word_1_10' title='bbox 736 459 852 518; x_wconf 83' lang='lat' dir='ltr'>sorousi</span> <span class='ocrx_word' id='word_1_11' title='bbox 865 469 947 538; x_wconf 85' lang='lat' dir='ltr'>petet</span> <span class='ocrx_word' id='word_1_12' title='bbox 963 458 1146 518; x_wconf 77' lang='lat' dir='ltr'>clarissime:</span> <span class='ocrx_word' id='word_1_13' title='bbox 1170 459 1212 516; x_wconf 81' lang='lat' dir='ltr'>ite</span> <span class='ocrx_word' id='word_1_14' title='bbox 1227 469 1263 517; x_wconf 84' lang='lat' dir='ltr'>ut</span> <span class='ocrx_word' id='word_1_15' title='bbox 1280 460 1344 519; x_wconf 83' lang='lat' dir='ltr'>sive</span> 
     </span>
     <span class='ocr_line' id='line_1_3' title="bbox 241 545 1344 626; baseline -0.002 -22"><span class='ocrx_word' id='word_1_16' title='bbox 241 548 334 604; x_wconf 76' lang='lat' dir='ltr'>finem</span> <span class='ocrx_word' id='word_1_17' title='bbox 345 548 443 626; x_wconf 87' lang='lat' dir='ltr'>operis</span> <span class='ocrx_word' id='word_1_18' title='bbox 458 557 572 625; x_wconf 82' lang='lat' dir='ltr'>spectes</span> <span class='ocrx_word' id='word_1_19' title='bbox 583 549 647 605; x_wconf 82' lang='lat' dir='ltr'>sive</span> <span class='ocrx_word' id='word_1_20' title='bbox 657 555 791 604; x_wconf 89' lang='lat' dir='ltr'>mentem</span> <span class='ocrx_word' id='word_1_21' title='bbox 806 545 961 603; x_wconf 86' lang='lat' dir='ltr'>scribentis</span> <span class='ocrx_word' id='word_1_22' title='bbox 973 589 982 619; x_wconf 84' lang='lat'>‚</span> <span class='ocrx_word' id='word_1_23' title='bbox 1003 563 1144 624; x_wconf 84' lang='lat' dir='ltr'>preeseus</span> <span class='ocrx_word' id='word_1_24' title='bbox 1156 548 1344 624; x_wconf 70' lang='lat' dir='ltr'>poemation,</span> 
     </span>
     <span class='ocr_line' id='line_1_4' title="bbox 240 629 1344 712; baseline -0.001 -22"><span class='ocrx_word' id='word_1_25' title='bbox 240 635 355 712; x_wconf 87' lang='lat' dir='ltr'>inquo</span> <span class='ocrx_word' id='word_1_26' title='bbox 376 632 508 689; x_wconf 71' lang='lat' dir='ltr'>Heraclii</span> <span class='ocrx_word' id='word_1_27' title='bbox 528 633 590 689; x_wconf 80' lang='lat' dir='ltr'>rite</span> <span class='ocrx_word' id='word_1_28' title='bbox 609 632 798 702; x_wconf 74' lang='lat' dir='ltr'>oooomssoic</span> <span class='ocrx_word' id='word_1_29' title='bbox 816 633 1000 704; x_wconf 85' lang='lat' dir='ltr'>continetur,</span> <span class='ocrx_word' id='word_1_30' title='bbox 1036 631 1247 710; x_wconf 80' lang='lat' dir='ltr'>qualecunque</span> <span class='ocrx_word' id='word_1_31' title='bbox 1266 629 1344 689; x_wconf 91' lang='lat' dir='ltr'>illud</span> 
     </span>
     <span class='ocr_line' id='line_1_5' title="bbox 240 713 1344 794; baseline -0.002 -20"><span class='ocrx_word' id='word_1_32' title='bbox 240 713 364 776; x_wconf 70' lang='lat' dir='ltr'>tandem</span> <span class='ocrx_word' id='word_1_33' title='bbox 377 719 434 791; x_wconf 88' lang='lat' dir='ltr'>sit,</span> <span class='ocrx_word' id='word_1_34' title='bbox 460 735 523 775; x_wconf 90' lang='lat' dir='ltr'>non</span> <span class='ocrx_word' id='word_1_35' title='bbox 534 718 685 775; x_wconf 87' lang='lat' dir='ltr'>immerito</span> <span class='ocrx_word' id='word_1_36' title='bbox 694 713 898 773; x_wconf 67' lang='lat' dir='ltr'>Heraclrudoe</span> <span class='ocrx_word' id='word_1_37' title='bbox 910 717 997 773; x_wconf 86' lang='lat' dir='ltr'>titulo</span> <span class='ocrx_word' id='word_1_38' title='bbox 1011 715 1199 794; x_wconf 75' lang='lat' dir='ltr'>praefulgent</span> <span class='ocrx_word' id='word_1_39' title='bbox 1213 718 1344 793; x_wconf 90' lang='lat' dir='ltr'>insigui-</span> 
     </span>
     <span class='ocr_line' id='line_1_6' title="bbox 241 799 1345 881; baseline -0.002 -21"><span class='ocrx_word' id='word_1_40' title='bbox 241 813 315 860; x_wconf 88' lang='lat' dir='ltr'>tum.</span> <span class='ocrx_word' id='word_1_41' title='bbox 361 813 494 860; x_wconf 88' lang='lat' dir='ltr'>ceterum</span> <span class='ocrx_word' id='word_1_42' title='bbox 512 821 551 860; x_wconf 90' lang='lat' dir='ltr'>ue</span> <span class='ocrx_word' id='word_1_43' title='bbox 574 803 647 861; x_wconf 82' lang='lat' dir='ltr'>sutis</span> <span class='ocrx_word' id='word_1_44' title='bbox 666 799 791 881; x_wconf 89' lang='lat' dir='ltr'>quidem</span> <span class='ocrx_word' id='word_1_45' title='bbox 806 799 945 860; x_wconf 85' lang='lat' dir='ltr'>distincte</span> <span class='ocrx_word' id='word_1_46' title='bbox 960 809 991 858; x_wconf 89' lang='lat' dir='ltr'>et</span> <span class='ocrx_word' id='word_1_47' title='bbox 1005 801 1177 874; x_wconf 77' lang='lat' dir='ltr'>enucleate,</span> <span class='ocrx_word' id='word_1_48' title='bbox 1211 819 1290 880; x_wconf 80' lang='lat' dir='ltr'>quse</span> <span class='ocrx_word' id='word_1_49' title='bbox 1305 799 1345 858; x_wconf 80' lang='lat' dir='ltr'>ed</span> 
     </span>
     <span class='ocr_line' id='line_1_7' title="bbox 240 884 1342 966; baseline -0.002 -20"><span class='ocrx_word' id='word_1_50' title='bbox 240 885 358 946; x_wconf 73' lang='lat' dir='ltr'>cladem</span> <span class='ocrx_word' id='word_1_51' title='bbox 372 889 471 966; x_wconf 74' lang='lat' dir='ltr'>ipsum</span> <span class='ocrx_word' id='word_1_52' title='bbox 483 906 651 966; x_wconf 87' lang='lat' dir='ltr'>necemque</span> <span class='ocrx_word' id='word_1_53' title='bbox 665 884 815 946; x_wconf 75' lang='lat' dir='ltr'><strong>chosroae</strong></span> <span class='ocrx_word' id='word_1_54' title='bbox 830 895 984 964; x_wconf 84' lang='lat' dir='ltr'>spectent,</span> <span class='ocrx_word' id='word_1_55' title='bbox 1007 885 1094 943; x_wconf 87' lang='lat' dir='ltr'>uobis</span> <span class='ocrx_word' id='word_1_56' title='bbox 1110 897 1230 944; x_wconf 78' lang='lat' dir='ltr'>enemt</span> <span class='ocrx_word' id='word_1_57' title='bbox 1244 892 1342 963; x_wconf 70' lang='lat' dir='ltr'>poeta,</span> 
     </span>
     <span class='ocr_line' id='line_1_8' title="bbox 240 969 1341 1052; baseline -0.002 -22"><span class='ocrx_word' id='word_1_58' title='bbox 240 974 379 1052; x_wconf 80' lang='lat' dir='ltr'>quemvis</span> <span class='ocrx_word' id='word_1_59' title='bbox 396 991 459 1030; x_wconf 92' lang='lat' dir='ltr'>non</span> <span class='ocrx_word' id='word_1_60' title='bbox 480 972 540 1030; x_wconf 84' lang='lat' dir='ltr'>elio</span> <span class='ocrx_word' id='word_1_61' title='bbox 558 972 661 1030; x_wconf 81' lang='lat' dir='ltr'>iorsen</span> <span class='ocrx_word' id='word_1_62' title='bbox 682 969 774 1029; x_wconf 90' lang='lat' dir='ltr'>modo</span> <span class='ocrx_word' id='word_1_63' title='bbox 789 969 863 1029; x_wconf 87' lang='lat' dir='ltr'>heeo</span> <span class='ocrx_word' id='word_1_64' title='bbox 877 974 942 1049; x_wconf 82' lang='lat' dir='ltr'>ipse</span> <span class='ocrx_word' id='word_1_65' title='bbox 956 980 1135 1049; x_wconf 78' lang='lat' dir='ltr'>pertrectare</span> <span class='ocrx_word' id='word_1_66' title='bbox 1147 973 1177 1028; x_wconf 93' lang='lat' dir='ltr'>ei</span> <span class='ocrx_word' id='word_1_67' title='bbox 1193 973 1341 1049; x_wconf 82' lang='lat' dir='ltr'>integrum</span> 
     </span>
     <span class='ocr_line' id='line_1_9' title="bbox 241 1054 1341 1135; baseline -0.002 -19"><span class='ocrx_word' id='word_1_68' title='bbox 241 1059 311 1116; x_wconf 80' lang='lat' dir='ltr'>fuit.</span> <span class='ocrx_word' id='word_1_69' title='bbox 353 1058 512 1114; x_wconf 85' lang='lat' dir='ltr'>nonenim</span> <span class='ocrx_word' id='word_1_70' title='bbox 528 1057 582 1115; x_wconf 89' lang='lat' dir='ltr'>ille</span> <span class='ocrx_word' id='word_1_71' title='bbox 594 1054 744 1116; x_wconf 77' lang='lat' dir='ltr'>secundae</span> <span class='ocrx_word' id='word_1_72' title='bbox 758 1065 792 1114; x_wconf 88' lang='lat' dir='ltr'>ut</span> <span class='ocrx_word' id='word_1_73' title='bbox 808 1058 923 1135; x_wconf 73' lang='lat' dir='ltr'>primae</span> <span class='ocrx_word' id='word_1_74' title='bbox 936 1054 1137 1135; x_wconf 74' lang='lat' dir='ltr'>expeditionis</span> <span class='ocrx_word' id='word_1_75' title='bbox 1153 1056 1191 1114; x_wconf 86' lang='lat' dir='ltr'>eb</span> <span class='ocrx_word' id='word_1_76' title='bbox 1205 1057 1341 1114; x_wconf 73' lang='lat' dir='ltr'>Heraclio</span> 
     </span>
     <span class='ocr_line' id='line_1_10' title="bbox 242 1139 1343 1222; baseline -0.002 -22"><span class='ocrx_word' id='word_1_77' title='bbox 242 1151 413 1222; x_wconf 71' lang='lat' dir='ltr'>assumptus</span> <span class='ocrx_word' id='word_1_78' title='bbox 428 1152 607 1217; x_wconf 72' lang='lat' dir='ltr'>comensi,</span> <span class='ocrx_word' id='word_1_79' title='bbox 633 1161 691 1200; x_wconf 91' lang='lat' dir='ltr'>neo</span> <span class='ocrx_word' id='word_1_80' title='bbox 711 1143 783 1201; x_wconf 78' lang='lat' dir='ltr'>satis</span> <span class='ocrx_word' id='word_1_81' title='bbox 805 1143 922 1221; x_wconf 85' lang='lat' dir='ltr'>petiens</span> <span class='ocrx_word' id='word_1_82' title='bbox 939 1160 1042 1199; x_wconf 82' lang='lat' dir='ltr'>morse</span> <span class='ocrx_word' id='word_1_83' title='bbox 1060 1141 1136 1215; x_wconf 80' lang='lat' dir='ltr'>fuir,</span> <span class='ocrx_word' id='word_1_84' title='bbox 1166 1151 1199 1198; x_wconf 90' lang='lat' dir='ltr'>ut</span> <span class='ocrx_word' id='word_1_85' title='bbox 1214 1139 1343 1199; x_wconf 89' lang='lat' dir='ltr'>reditum</span> 
     </span>
     <span class='ocr_line' id='line_1_11' title="bbox 242 1227 1345 1307; baseline -0.001 -22"><span class='ocrx_word' id='word_1_86' title='bbox 242 1229 430 1306; x_wconf 79' lang='lat' dir='ltr'>imperatoris</span> <span class='ocrx_word' id='word_1_87' title='bbox 448 1236 645 1306; x_wconf 72' lang='lat' dir='ltr'>exspectaret,</span> <span class='ocrx_word' id='word_1_88' title='bbox 668 1247 686 1284; x_wconf 85' lang='lat' dir='ltr'>e</span> <span class='ocrx_word' id='word_1_89' title='bbox 702 1245 763 1307; x_wconf 89' lang='lat' dir='ltr'>quo</span> <span class='ocrx_word' id='word_1_90' title='bbox 780 1236 814 1283; x_wconf 89' lang='lat' dir='ltr'>ut</span> <span class='ocrx_word' id='word_1_91' title='bbox 827 1237 910 1283; x_wconf 73' lang='lat' dir='ltr'>emec</span> <span class='ocrx_word' id='word_1_92' title='bbox 924 1245 971 1284; x_wconf 88' lang='lat' dir='ltr'>res</span> <span class='ocrx_word' id='word_1_93' title='bbox 986 1235 1085 1284; x_wconf 86' lang='lat' dir='ltr'>essent</span> <span class='ocrx_word' id='word_1_94' title='bbox 1097 1227 1187 1284; x_wconf 81' lang='lat' dir='ltr'>focile</span> <span class='ocrx_word' id='word_1_95' title='bbox 1200 1229 1345 1304; x_wconf 87' lang='lat' dir='ltr'>potuisset</span> 
     </span>
     <span class='ocr_line' id='line_1_12' title="bbox 243 1308 1342 1392; baseline -0.001 -23"><span class='ocrx_word' id='word_1_96' title='bbox 243 1309 416 1384; x_wconf 81' lang='lat' dir='ltr'>sddiscere3</span> <span class='ocrx_word' id='word_1_97' title='bbox 445 1311 500 1372; x_wconf 88' lang='lat' dir='ltr'>sed</span> <span class='ocrx_word' id='word_1_98' title='bbox 518 1323 553 1370; x_wconf 90' lang='lat' dir='ltr'>ut</span> <span class='ocrx_word' id='word_1_99' title='bbox 570 1315 704 1392; x_wconf 85' lang='lat' dir='ltr'>primum</span> <span class='ocrx_word' id='word_1_100' title='bbox 724 1313 865 1370; x_wconf 87' lang='lat' dir='ltr'>nuntium</span> <span class='ocrx_word' id='word_1_101' title='bbox 888 1308 926 1367; x_wconf 88' lang='lat' dir='ltr'>de</span> <span class='ocrx_word' id='word_1_102' title='bbox 941 1308 1091 1370; x_wconf 72' lang='lat' dir='ltr'>chosroae</span> <span class='ocrx_word' id='word_1_103' title='bbox 1110 1322 1206 1369; x_wconf 86' lang='lat' dir='ltr'>morte</span> <span class='ocrx_word' id='word_1_104' title='bbox 1226 1311 1342 1390; x_wconf 78' lang='lat' dir='ltr'>cpolim</span> 
     </span>
     <span class='ocr_line' id='line_1_13' title="bbox 242 1395 1344 1475; baseline -0.001 -20"><span class='ocrx_word' id='word_1_105' title='bbox 242 1395 378 1455; x_wconf 81' lang='lat' dir='ltr'>edietum</span> <span class='ocrx_word' id='word_1_106' title='bbox 393 1406 449 1469; x_wconf 89' lang='lat' dir='ltr'>est,</span> <span class='ocrx_word' id='word_1_107' title='bbox 470 1400 571 1456; x_wconf 86' lang='lat' dir='ltr'>stetim</span> <span class='ocrx_word' id='word_1_108' title='bbox 587 1399 703 1474; x_wconf 88' lang='lat' dir='ltr'>ingenti</span> <span class='ocrx_word' id='word_1_109' title='bbox 720 1398 835 1454; x_wconf 71' lang='lat' dir='ltr'>laetitia</span> <span class='ocrx_word' id='word_1_110' title='bbox 847 1395 986 1475; x_wconf 82' lang='lat' dir='ltr'>perfusus</span> <span class='ocrx_word' id='word_1_111' title='bbox 1003 1405 1033 1454; x_wconf 91' lang='lat' dir='ltr'>et</span> <span class='ocrx_word' id='word_1_112' title='bbox 1043 1398 1160 1475; x_wconf 74' lang='lat' dir='ltr'>po&#39;etioo</span> <span class='ocrx_word' id='word_1_113' title='bbox 1174 1397 1274 1454; x_wconf 83' lang='lat' dir='ltr'>lirrore</span> <span class='ocrx_word' id='word_1_114' title='bbox 1288 1397 1344 1454; x_wconf 84' lang='lat' dir='ltr'>sb-</span> 
     </span>
     <span class='ocr_line' id='line_1_14' title="bbox 242 1479 1346 1562; baseline -0.001 -22"><span class='ocrx_word' id='word_1_115' title='bbox 242 1493 345 1562; x_wconf 83' lang='lat' dir='ltr'>reptus</span> <span class='ocrx_word' id='word_1_116' title='bbox 359 1480 417 1542; x_wconf 82' lang='lat' dir='ltr'>lios</span> <span class='ocrx_word' id='word_1_117' title='bbox 426 1482 553 1556; x_wconf 67' lang='lat' dir='ltr'>iambos,</span> <span class='ocrx_word' id='word_1_118' title='bbox 569 1492 603 1540; x_wconf 88' lang='lat' dir='ltr'>ut</span> <span class='ocrx_word' id='word_1_119' title='bbox 616 1480 744 1556; x_wconf 85' lang='lat' dir='ltr'>ridetur,</span> <span class='ocrx_word' id='word_1_120' title='bbox 767 1479 855 1554; x_wconf 84' lang='lat' dir='ltr'>fudit,</span> <span class='ocrx_word' id='word_1_121' title='bbox 877 1481 1003 1538; x_wconf 80' lang='lat' dir='ltr'>fortusse</span> <span class='ocrx_word' id='word_1_122' title='bbox 1017 1483 1109 1538; x_wconf 87' lang='lat' dir='ltr'>etiem</span> <span class='ocrx_word' id='word_1_123' title='bbox 1122 1479 1162 1538; x_wconf 86' lang='lat' dir='ltr'>ed</span> <span class='ocrx_word' id='word_1_124' title='bbox 1174 1482 1346 1540; x_wconf 74' lang='lat' dir='ltr'>Heraclium</span> 
     </span>
     <span class='ocr_line' id='line_1_15' title="bbox 243 1566 1345 1647; baseline -0.002 -21"><span class='ocrx_word' id='word_1_125' title='bbox 243 1569 335 1642; x_wconf 86' lang='lat' dir='ltr'>misit,</span> <span class='ocrx_word' id='word_1_126' title='bbox 356 1579 391 1626; x_wconf 90' lang='lat' dir='ltr'>ut</span> <span class='ocrx_word' id='word_1_127' title='bbox 405 1569 433 1625; x_wconf 89' lang='lat' dir='ltr'>ei</span> <span class='ocrx_word' id='word_1_128' title='bbox 448 1586 507 1647; x_wconf 83' lang='lat' dir='ltr'>que</span> <span class='ocrx_word' id='word_1_129' title='bbox 519 1577 637 1646; x_wconf 81' lang='lat' dir='ltr'>poteret</span> <span class='ocrx_word' id='word_1_130' title='bbox 651 1569 767 1624; x_wconf 76' lang='lat' dir='ltr'>ratione</span> <span class='ocrx_word' id='word_1_131' title='bbox 783 1566 904 1624; x_wconf 82' lang='lat' dir='ltr'>obviem</span> <span class='ocrx_word' id='word_1_132' title='bbox 918 1567 984 1640; x_wconf 87' lang='lat' dir='ltr'>iret,</span> <span class='ocrx_word' id='word_1_133' title='bbox 1001 1575 1031 1623; x_wconf 88' lang='lat' dir='ltr'>et</span> <span class='ocrx_word' id='word_1_134' title='bbox 1044 1585 1097 1644; x_wconf 89' lang='lat' dir='ltr'>pro</span> <span class='ocrx_word' id='word_1_135' title='bbox 1112 1587 1143 1624; x_wconf 86' lang='lat' dir='ltr'>re</span> <span class='ocrx_word' id='word_1_136' title='bbox 1158 1577 1221 1624; x_wconf 81' lang='lat' dir='ltr'>tem</span> <span class='ocrx_word' id='word_1_137' title='bbox 1235 1585 1345 1645; x_wconf 73' lang='lat' dir='ltr'>magns</span> 
     </span>
     <span class='ocr_line' id='line_1_16' title="bbox 244 1651 1345 1732; baseline -0.002 -22"><span class='ocrx_word' id='word_1_138' title='bbox 244 1663 275 1711; x_wconf 91' lang='lat' dir='ltr'>et</span> <span class='ocrx_word' id='word_1_139' title='bbox 290 1663 354 1710; x_wconf 78' lang='lat' dir='ltr'>tem</span> <span class='ocrx_word' id='word_1_140' title='bbox 368 1653 497 1710; x_wconf 81' lang='lat' dir='ltr'>feliciter</span> <span class='ocrx_word' id='word_1_141' title='bbox 510 1663 594 1731; x_wconf 78' lang='lat' dir='ltr'>gestu</span> <span class='ocrx_word' id='word_1_142' title='bbox 607 1671 668 1709; x_wconf 91' lang='lat' dir='ltr'>non</span> <span class='ocrx_word' id='word_1_143' title='bbox 682 1652 807 1708; x_wconf 83' lang='lat' dir='ltr'>ultimus</span> <span class='ocrx_word' id='word_1_144' title='bbox 820 1653 933 1708; x_wconf 81' lang='lat' dir='ltr'>civium</span> <span class='ocrx_word' id='word_1_145' title='bbox 945 1651 1154 1728; x_wconf 72' lang='lat' dir='ltr'>gratularetur.</span> <span class='ocrx_word' id='word_1_146' title='bbox 1178 1652 1261 1731; x_wconf 90' lang='lat' dir='ltr'>quod</span> <span class='ocrx_word' id='word_1_147' title='bbox 1277 1655 1345 1732; x_wconf 88' lang='lat' dir='ltr'>qui-</span> 
     </span>
     <span class='ocr_line' id='line_1_17' title="bbox 244 1735 1347 1816; baseline -0.001 -21"><span class='ocrx_word' id='word_1_148' title='bbox 244 1736 316 1796; x_wconf 90' lang='lat' dir='ltr'>dem</span> <span class='ocrx_word' id='word_1_149' title='bbox 332 1757 373 1795; x_wconf 90' lang='lat' dir='ltr'>ex</span> <span class='ocrx_word' id='word_1_150' title='bbox 391 1740 429 1795; x_wconf 92' lang='lat' dir='ltr'>iis</span> <span class='ocrx_word' id='word_1_151' title='bbox 443 1755 522 1816; x_wconf 79' lang='lat' dir='ltr'>quse</span> <span class='ocrx_word' id='word_1_152' title='bbox 536 1737 677 1815; x_wconf 88' lang='lat' dir='ltr'>leguntur</span> <span class='ocrx_word' id='word_1_153' title='bbox 691 1739 724 1794; x_wconf 93' lang='lat' dir='ltr'>in</span> <span class='ocrx_word' id='word_1_154' title='bbox 739 1735 800 1792; x_wconf 83' lang='lat' dir='ltr'>fine</span> <span class='ocrx_word' id='word_1_155' title='bbox 814 1739 929 1814; x_wconf 77' lang='lat' dir='ltr'>primae</span> <span class='ocrx_word' id='word_1_156' title='bbox 943 1755 1098 1794; x_wconf 82' lang='lat' dir='ltr'>uoroeseos</span> <span class='ocrx_word' id='word_1_157' title='bbox 1114 1737 1256 1815; x_wconf 76' lang='lat' dir='ltr'>colligere</span> <span class='ocrx_word' id='word_1_158' title='bbox 1269 1735 1347 1794; x_wconf 85' lang='lat' dir='ltr'>mihi</span> 
     </span>
     <span class='ocr_line' id='line_1_18' title="bbox 244 1818 1348 1902; baseline -0.002 -22"><span class='ocrx_word' id='word_1_159' title='bbox 244 1821 350 1880; x_wconf 83' lang='lat' dir='ltr'>videor</span> <span class='ocrx_word' id='word_1_160' title='bbox 362 1839 469 1901; x_wconf 84' lang='lat' dir='ltr'>posse:</span> <span class='ocrx_word' id='word_1_161' title='bbox 491 1822 535 1878; x_wconf 90' lang='lat' dir='ltr'>ibi</span> <span class='ocrx_word' id='word_1_162' title='bbox 548 1823 630 1878; x_wconf 87' lang='lat' dir='ltr'>enirn</span> <span class='ocrx_word' id='word_1_163' title='bbox 643 1818 753 1878; x_wconf 90' lang='lat' dir='ltr'>dubius</span> <span class='ocrx_word' id='word_1_164' title='bbox 768 1832 798 1879; x_wconf 87' lang='lat' dir='ltr'>et</span> <span class='ocrx_word' id='word_1_165' title='bbox 809 1818 936 1880; x_wconf 76' lang='lat' dir='ltr'>haerens</span> <span class='ocrx_word' id='word_1_166' title='bbox 950 1819 1025 1902; x_wconf 87' lang='lat' dir='ltr'>quid</span> <span class='ocrx_word' id='word_1_167' title='bbox 1039 1823 1176 1901; x_wconf 88' lang='lat' dir='ltr'>primum,</span> <span class='ocrx_word' id='word_1_168' title='bbox 1199 1820 1276 1902; x_wconf 84' lang='lat' dir='ltr'>quid</span> <span class='ocrx_word' id='word_1_169' title='bbox 1290 1822 1348 1878; x_wconf 91' lang='lat' dir='ltr'>de-</span> 
     </span>
     <span class='ocr_line' id='line_1_19' title="bbox 244 1901 1345 1986; baseline 0 -22"><span class='ocrx_word' id='word_1_170' title='bbox 244 1903 316 1964; x_wconf 89' lang='lat' dir='ltr'>iude</span> <span class='ocrx_word' id='word_1_171' title='bbox 332 1903 452 1980; x_wconf 82' lang='lat' dir='ltr'>diceret,</span> <span class='ocrx_word' id='word_1_172' title='bbox 466 1925 568 1964; x_wconf 89' lang='lat' dir='ltr'>rerum</span> <span class='ocrx_word' id='word_1_173' title='bbox 580 1901 707 1964; x_wconf 82' lang='lat' dir='ltr'>numero</span> <span class='ocrx_word' id='word_1_174' title='bbox 725 1915 754 1963; x_wconf 90' lang='lat' dir='ltr'>et</span> <span class='ocrx_word' id='word_1_175' title='bbox 768 1903 902 1984; x_wconf 87' lang='lat' dir='ltr'>pondere</span> <span class='ocrx_word' id='word_1_176' title='bbox 914 1907 1039 1965; x_wconf 87' lang='lat' dir='ltr'>obrutus</span> <span class='ocrx_word' id='word_1_177' title='bbox 1054 1916 1083 1964; x_wconf 89' lang='lat' dir='ltr'>et</span> <span class='ocrx_word' id='word_1_178' title='bbox 1095 1925 1212 1986; x_wconf 85' lang='lat' dir='ltr'>pressus</span> <span class='ocrx_word' id='word_1_179' title='bbox 1224 1926 1241 1964; x_wconf 87' lang='lat' dir='ltr'>e</span> <span class='ocrx_word' id='word_1_180' title='bbox 1252 1926 1345 1986; x_wconf 83' lang='lat' dir='ltr'>prae-</span> 
     </span>
     <span class='ocr_line' id='line_1_20' title="bbox 244 1983 1346 2070; baseline 0 -20"><span class='ocrx_word' id='word_1_181' title='bbox 244 1993 294 2050; x_wconf 91' lang='lat' dir='ltr'>liis</span> <span class='ocrx_word' id='word_1_182' title='bbox 309 1989 512 2050; x_wconf 69' lang='lat' dir='ltr'>describendi·</span> <span class='ocrx_word' id='word_1_183' title='bbox 526 1992 584 2051; x_wconf 86' lang='lat' dir='ltr'>sibi</span> <span class='ocrx_word' id='word_1_184' title='bbox 598 1993 631 2050; x_wconf 92' lang='lat' dir='ltr'>in</span> <span class='ocrx_word' id='word_1_185' title='bbox 645 1983 815 2070; x_wconf 76' lang='lat' dir='ltr'>praesentia</span> <span class='ocrx_word' id='word_1_186' title='bbox 828 1987 1041 2050; x_wconf 77' lang='lat' dir='ltr'>abstinendum</span> <span class='ocrx_word' id='word_1_187' title='bbox 1053 1989 1270 2066; x_wconf 67' lang='lat' dir='ltr'>condecernit,</span> <span class='ocrx_word' id='word_1_188' title='bbox 1289 2011 1346 2050; x_wconf 81' lang='lat' dir='ltr'>ns·</span> 
     </span>
     <span class='ocr_line' id='line_1_21' title="bbox 244 2075 1348 2156; baseline -0.001 -20"><span class='ocrx_word' id='word_1_189' title='bbox 244 2075 380 2156; x_wconf 88' lang='lat' dir='ltr'>qoedum</span> <span class='ocrx_word' id='word_1_190' title='bbox 399 2079 561 2156; x_wconf 72' lang='lat' dir='ltr'>imperator</span> <span class='ocrx_word' id='word_1_191' title='bbox 572 2078 754 2156; x_wconf 75' lang='lat' dir='ltr'>Byzantium</span> <span class='ocrx_word' id='word_1_192' title='bbox 777 2095 913 2136; x_wconf 84' lang='lat' dir='ltr'>reversus</span> <span class='ocrx_word' id='word_1_193' title='bbox 935 2097 1001 2135; x_wconf 89' lang='lat' dir='ltr'>rem</span> <span class='ocrx_word' id='word_1_194' title='bbox 1021 2096 1141 2136; x_wconf 85' lang='lat' dir='ltr'>omnem</span> <span class='ocrx_word' id='word_1_195' title='bbox 1162 2075 1282 2150; x_wconf 90' lang='lat' dir='ltr'>ordine,</span> <span class='ocrx_word' id='word_1_196' title='bbox 1311 2087 1348 2135; x_wconf 88' lang='lat' dir='ltr'>ut</span> 
     </span>
     <span class='ocr_line' id='line_1_22' title="bbox 245 2159 1350 2243; baseline 0.001 -23"><span class='ocrx_word' id='word_1_197' title='bbox 245 2163 361 2220; x_wconf 77' lang='lat' dir='ltr'>factm</span> <span class='ocrx_word' id='word_1_198' title='bbox 375 2174 463 2236; x_wconf 83' lang='lat' dir='ltr'>esset,</span> <span class='ocrx_word' id='word_1_199' title='bbox 486 2164 631 2240; x_wconf 63' lang='lat' dir='ltr'>operiat,</span> <span class='ocrx_word' id='word_1_200' title='bbox 654 2172 684 2220; x_wconf 90' lang='lat' dir='ltr'>et</span> <span class='ocrx_word' id='word_1_201' title='bbox 697 2159 923 2241; x_wconf 73' lang='lat' dir='ltr'>impedimentis</span> <span class='ocrx_word' id='word_1_202' title='bbox 938 2161 978 2220; x_wconf 84' lang='lat' dir='ltr'>sd</span> <span class='ocrx_word' id='word_1_203' title='bbox 991 2160 1178 2243; x_wconf 87' lang='lat' dir='ltr'>loquendum</span> <span class='ocrx_word' id='word_1_204' title='bbox 1189 2166 1350 2222; x_wconf 86' lang='lat' dir='ltr'>summotis</span> 
     </span>
     <span class='ocr_line' id='line_1_23' title="bbox 246 2246 1350 2328; baseline -0.001 -22"><span class='ocrx_word' id='word_1_205' title='bbox 246 2250 365 2307; x_wconf 75' lang='lat' dir='ltr'>munos</span> <span class='ocrx_word' id='word_1_206' title='bbox 378 2250 489 2306; x_wconf 78' lang='lat' dir='ltr'>civium</span> <span class='ocrx_word' id='word_1_207' title='bbox 503 2246 542 2304; x_wconf 88' lang='lat' dir='ltr'>ed</span> <span class='ocrx_word' id='word_1_208' title='bbox 555 2246 747 2306; x_wconf 87' lang='lat' dir='ltr'>scribendum</span> <span class='ocrx_word' id='word_1_209' title='bbox 760 2249 921 2321; x_wconf 78' lang='lat' dir='ltr'>excitaret,</span> <span class='ocrx_word' id='word_1_210' title='bbox 944 2266 975 2306; x_wconf 80' lang='lat' dir='ltr'>r·</span> <span class='ocrx_word' id='word_1_211' title='bbox 990 2249 1063 2310; x_wconf 77' lang='grc'><strong>288-</strong></span> <span class='ocrx_word' id='word_1_212' title='bbox 1107 2258 1199 2328; x_wconf 80' lang='lat' dir='ltr'>utque</span> <span class='ocrx_word' id='word_1_213' title='bbox 1214 2247 1288 2305; x_wconf 87' lang='lat' dir='ltr'>inde</span> <span class='ocrx_word' id='word_1_214' title='bbox 1304 2258 1350 2306; x_wconf 83' lang='lat' dir='ltr'>et-</span> 
     </span>
     <span class='ocr_line' id='line_1_24' title="bbox 245 2330 1349 2414; baseline 0 -24"><span class='ocrx_word' id='word_1_215' title='bbox 245 2334 327 2407; x_wconf 84' lang='lat' dir='ltr'>ism,</span> <span class='ocrx_word' id='word_1_216' title='bbox 350 2343 497 2414; x_wconf 79' lang='lat' dir='ltr'>quantum</span> <span class='ocrx_word' id='word_1_217' title='bbox 509 2336 679 2391; x_wconf 76' lang='lat' dir='ltr'>coniectura</span> <span class='ocrx_word' id='word_1_218' title='bbox 692 2335 837 2412; x_wconf 85' lang='lat' dir='ltr'>consequi</span> <span class='ocrx_word' id='word_1_219' title='bbox 850 2351 991 2412; x_wconf 83' lang='lat' dir='ltr'>possum,</span> <span class='ocrx_word' id='word_1_220' title='bbox 1012 2330 1116 2391; x_wconf 82' lang='lat' dir='ltr'>Pisids</span> <span class='ocrx_word' id='word_1_221' title='bbox 1130 2332 1168 2391; x_wconf 94' lang='lat' dir='ltr'>de</span> <span class='ocrx_word' id='word_1_222' title='bbox 1186 2331 1245 2392; x_wconf 88' lang='lat' dir='ltr'>hoo</span> <span class='ocrx_word' id='word_1_223' title='bbox 1259 2353 1349 2412; x_wconf 82' lang='lat' dir='ltr'>ergu-</span> 
     </span>
     <span class='ocr_line' id='line_1_25' title="bbox 245 2415 1350 2496; baseline -0.001 -20"><span class='ocrx_word' id='word_1_224' title='bbox 245 2429 349 2476; x_wconf 85' lang='lat' dir='ltr'>rnento</span> <span class='ocrx_word' id='word_1_225' title='bbox 360 2419 480 2496; x_wconf 86' lang='lat' dir='ltr'>plenius</span> <span class='ocrx_word' id='word_1_226' title='bbox 494 2428 524 2475; x_wconf 88' lang='lat' dir='ltr'>et</span> <span class='ocrx_word' id='word_1_227' title='bbox 534 2419 645 2476; x_wconf 88' lang='lat' dir='ltr'>melius</span> <span class='ocrx_word' id='word_1_228' title='bbox 655 2415 865 2496; x_wconf 72' lang='lat' dir='ltr'>pertractando</span> <span class='ocrx_word' id='word_1_229' title='bbox 878 2419 942 2475; x_wconf 87' lang='lat' dir='ltr'>iem</span> <span class='ocrx_word' id='word_1_230' title='bbox 954 2427 1026 2476; x_wconf 86' lang='lat' dir='ltr'>tuno</span> <span class='ocrx_word' id='word_1_231' title='bbox 1040 2415 1171 2492; x_wconf 81' lang='lat' dir='ltr'>ridetur,</span> <span class='ocrx_word' id='word_1_232' title='bbox 1194 2439 1265 2477; x_wconf 87' lang='lat' dir='ltr'>oum</span> <span class='ocrx_word' id='word_1_233' title='bbox 1276 2416 1350 2476; x_wconf 78' lang='lat' dir='ltr'>hoec</span> 
     </span>
     <span class='ocr_line' id='line_1_26' title="bbox 245 2499 1347 2582; baseline 0.002 -22"><span class='ocrx_word' id='word_1_234' title='bbox 245 2503 398 2575; x_wconf 72' lang='lat' dir='ltr'>scriberet,</span> <span class='ocrx_word' id='word_1_235' title='bbox 421 2506 576 2581; x_wconf 76' lang='lat' dir='ltr'>cogitasse.</span> <span class='ocrx_word' id='word_1_236' title='bbox 620 2505 692 2560; x_wconf 78' lang='lat' dir='ltr'>etsi</span> <span class='ocrx_word' id='word_1_237' title='bbox 707 2505 865 2581; x_wconf 78' lang='lat' dir='ltr'>cogitarit,</span> <span class='ocrx_word' id='word_1_238' title='bbox 887 2505 920 2560; x_wconf 90' lang='lat' dir='ltr'>in</span> <span class='ocrx_word' id='word_1_239' title='bbox 933 2499 1016 2560; x_wconf 85' lang='lat' dir='ltr'>eliud</span> <span class='ocrx_word' id='word_1_240' title='bbox 1030 2503 1218 2562; x_wconf 82' lang='lat' dir='ltr'>commodius</span> <span class='ocrx_word' id='word_1_241' title='bbox 1231 2513 1347 2582; x_wconf 85' lang='lat' dir='ltr'>tempus</span> 
     </span>
     <span class='ocr_line' id='line_1_27' title="bbox 247 2585 1346 2668; baseline 0 -23"><span class='ocrx_word' id='word_1_242' title='bbox 247 2607 311 2646; x_wconf 78' lang='lat' dir='ltr'>rem</span> <span class='ocrx_word' id='word_1_243' title='bbox 328 2596 409 2645; x_wconf 70' lang='lat' dir='ltr'>certe</span> <span class='ocrx_word' id='word_1_244' title='bbox 430 2585 556 2645; x_wconf 84' lang='lat' dir='ltr'>distulit.</span> <span class='ocrx_word' id='word_1_245' title='bbox 598 2589 779 2665; x_wconf 73' lang='lat' dir='ltr'>praestiterit</span> <span class='ocrx_word' id='word_1_246' title='bbox 800 2599 901 2646; x_wconf 83' lang='lat' dir='ltr'>eutem</span> <span class='ocrx_word' id='word_1_247' title='bbox 922 2607 1017 2646; x_wconf 88' lang='lat' dir='ltr'>neone</span> <span class='ocrx_word' id='word_1_248' title='bbox 1035 2587 1118 2668; x_wconf 84' lang='lat' dir='ltr'>quod</span> <span class='ocrx_word' id='word_1_249' title='bbox 1140 2591 1174 2646; x_wconf 90' lang='lat' dir='ltr'>in</span> <span class='ocrx_word' id='word_1_250' title='bbox 1197 2592 1295 2646; x_wconf 86' lang='lat' dir='ltr'>snimo</span> <span class='ocrx_word' id='word_1_251' title='bbox 1318 2591 1346 2646; x_wconf 90' lang='lat' dir='ltr'>ei</span> 
     </span>
     <span class='ocr_line' id='line_1_28' title="bbox 247 2669 1348 2753; baseline 0 -23"><span class='ocrx_word' id='word_1_252' title='bbox 247 2669 360 2730; x_wconf 83' lang='lat' dir='ltr'>sedisse</span> <span class='ocrx_word' id='word_1_253' title='bbox 374 2673 510 2744; x_wconf 87' lang='lat' dir='ltr'>ooniioio,</span> <span class='ocrx_word' id='word_1_254' title='bbox 528 2691 590 2730; x_wconf 92' lang='lat' dir='ltr'>non</span> <span class='ocrx_word' id='word_1_255' title='bbox 606 2675 703 2731; x_wconf 79' lang='lat' dir='ltr'>susim</span> <span class='ocrx_word' id='word_1_256' title='bbox 716 2670 895 2747; x_wconf 76' lang='lat' dir='ltr'>edfinnnre3</span> <span class='ocrx_word' id='word_1_257' title='bbox 917 2676 1055 2753; x_wconf 79' lang='lat' dir='ltr'>quemvis</span> <span class='ocrx_word' id='word_1_258' title='bbox 1069 2675 1252 2752; x_wconf 80' lang='lat' dir='ltr'>pinestitisse</span> <span class='ocrx_word' id='word_1_259' title='bbox 1267 2675 1348 2731; x_wconf 82' lang='lat' dir='ltr'>orbi-</span> 
     </span>
     <span class='ocr_line' id='line_1_29' title="bbox 246 2755 1350 2840; baseline 0.003 -26"><span class='ocrx_word' id='word_1_260' title='bbox 246 2767 318 2831; x_wconf 85' lang='lat' dir='ltr'>tror,</span> <span class='ocrx_word' id='word_1_261' title='bbox 341 2767 372 2815; x_wconf 90' lang='lat' dir='ltr'>et</span> <span class='ocrx_word' id='word_1_262' title='bbox 386 2759 458 2836; x_wconf 86' lang='lat' dir='ltr'>quie</span> <span class='ocrx_word' id='word_1_263' title='bbox 472 2757 559 2835; x_wconf 81' lang='lat' dir='ltr'>pluro</span> <span class='ocrx_word' id='word_1_264' title='bbox 574 2767 644 2815; x_wconf 87' lang='lat' dir='ltr'>sunt</span> <span class='ocrx_word' id='word_1_265' title='bbox 658 2757 837 2836; x_wconf 75' lang='lat' dir='ltr'>fragments,</span> <span class='ocrx_word' id='word_1_266' title='bbox 860 2776 938 2839; x_wconf 82' lang='lat' dir='ltr'>quse</span> <span class='ocrx_word' id='word_1_267' title='bbox 952 2755 1022 2816; x_wconf 87' lang='lat' dir='ltr'>huic</span> <span class='ocrx_word' id='word_1_268' title='bbox 1035 2769 1213 2837; x_wconf 80' lang='lat' dir='ltr'>srgmnento</span> <span class='ocrx_word' id='word_1_269' title='bbox 1228 2757 1350 2840; x_wconf 83' lang='lat' dir='ltr'>quidem</span> 
     </span>
     <span class='ocr_line' id='line_1_30' title="bbox 247 2840 1353 2922; baseline 0.002 -22"><span class='ocrx_word' id='word_1_270' title='bbox 247 2844 444 2917; x_wconf 80' lang='lat' dir='ltr'>conveniunt,</span> <span class='ocrx_word' id='word_1_271' title='bbox 476 2840 532 2900; x_wconf 87' lang='lat' dir='ltr'>sed</span> <span class='ocrx_word' id='word_1_272' title='bbox 552 2859 630 2922; x_wconf 81' lang='lat' dir='ltr'>quse</span> <span class='ocrx_word' id='word_1_273' title='bbox 649 2841 689 2901; x_wconf 83' lang='lat' dir='ltr'>ed</span> <span class='ocrx_word' id='word_1_274' title='bbox 709 2841 768 2901; x_wconf 87' lang='lat' dir='ltr'>hoc</span> <span class='ocrx_word' id='word_1_275' title='bbox 789 2846 961 2922; x_wconf 68' lang='lat' dir='ltr'>poemation</span> <span class='ocrx_word' id='word_1_276' title='bbox 982 2843 1092 2902; x_wconf 79' lang='lat' dir='ltr'>referre</span> <span class='ocrx_word' id='word_1_277' title='bbox 1105 2849 1178 2902; x_wconf 78' lang='lat' dir='ltr'>setis</span> <span class='ocrx_word' id='word_1_278' title='bbox 1193 2843 1353 2902; x_wconf 84' lang='lat' dir='ltr'>commode</span> 
     </span>
     <span class='ocr_line' id='line_1_31' title="bbox 249 2925 1351 3010; baseline 0.001 -25"><span class='ocrx_word' id='word_1_279' title='bbox 249 2947 310 2986; x_wconf 92' lang='lat' dir='ltr'>nou</span> <span class='ocrx_word' id='word_1_280' title='bbox 323 2929 431 3008; x_wconf 89' lang='lat' dir='ltr'>possis.</span> <span class='ocrx_word' id='word_1_281' title='bbox 474 2929 559 2985; x_wconf 85' lang='lat' dir='ltr'>ouius</span> <span class='ocrx_word' id='word_1_282' title='bbox 581 2930 626 2984; x_wconf 89' lang='lat' dir='ltr'>rei</span> <span class='ocrx_word' id='word_1_283' title='bbox 644 2947 750 2986; x_wconf 80' lang='lat' dir='ltr'>comm</span> <span class='ocrx_word' id='word_1_284' title='bbox 768 2939 832 2987; x_wconf 88' lang='lat' dir='ltr'>esto</span> <span class='ocrx_word' id='word_1_285' title='bbox 854 2925 1020 3002; x_wconf 81' lang='lat' dir='ltr'>iudicium,</span> <span class='ocrx_word' id='word_1_286' title='bbox 1048 2947 1124 3010; x_wconf 88' lang='lat' dir='ltr'>quos</span> <span class='ocrx_word' id='word_1_287' title='bbox 1144 2929 1264 2988; x_wconf 77' lang='lat' dir='ltr'>Pisidae</span> <span class='ocrx_word' id='word_1_288' title='bbox 1288 2931 1351 2986; x_wconf 80' lang='lat' dir='ltr'>fre-</span> 
     </span>
     <span class='ocr_line' id='line_1_32' title="bbox 248 3011 1352 3092; baseline 0.001 -22"><span class='ocrx_word' id='word_1_289' title='bbox 248 3023 370 3092; x_wconf 85' lang='lat' dir='ltr'>gmente</span> <span class='ocrx_word' id='word_1_290' title='bbox 385 3011 425 3070; x_wconf 85' lang='lat' dir='ltr'>sd</span> <span class='ocrx_word' id='word_1_291' title='bbox 439 3013 552 3070; x_wconf 77' lang='lat' dir='ltr'>calcem</span> <span class='ocrx_word' id='word_1_292' title='bbox 567 3015 665 3091; x_wconf 85' lang='lat' dir='ltr'>operis</span> <span class='ocrx_word' id='word_1_293' title='bbox 686 3015 719 3070; x_wconf 89' lang='lat' dir='ltr'>in</span> <span class='ocrx_word' id='word_1_294' title='bbox 736 3031 831 3071; x_wconf 87' lang='lat' dir='ltr'>unum</span> <span class='ocrx_word' id='word_1_295' title='bbox 847 3033 865 3070; x_wconf 86' lang='lat' dir='ltr'>e</span> <span class='ocrx_word' id='word_1_296' title='bbox 877 3014 964 3072; x_wconf 83' lang='lat' dir='ltr'>nobis</span> <span class='ocrx_word' id='word_1_297' title='bbox 980 3023 1161 3092; x_wconf 74' lang='lat' dir='ltr'>comportate</span> <span class='ocrx_word' id='word_1_298' title='bbox 1173 3015 1307 3072; x_wconf 83' lang='lat' dir='ltr'>conferre</span> <span class='ocrx_word' id='word_1_299' title='bbox 1321 3024 1352 3071; x_wconf 89' lang='lat' dir='ltr'>et</span> 
     </span>
     <span class='ocr_line' id='line_1_33' title="bbox 248 3098 1350 3179; baseline -0.001 -23"><span class='ocrx_word' id='word_1_300' title='bbox 248 3098 421 3177; x_wconf 83' lang='lat' dir='ltr'>expendere</span> <span class='ocrx_word' id='word_1_301' title='bbox 432 3116 495 3157; x_wconf 90' lang='lat' dir='ltr'>nou</span> <span class='ocrx_word' id='word_1_302' title='bbox 507 3099 632 3176; x_wconf 82' lang='lat' dir='ltr'>pigebit.</span> <span class='ocrx_word' id='word_1_303' title='bbox 676 3107 792 3156; x_wconf 84' lang='lat' dir='ltr'>certum</span> <span class='ocrx_word' id='word_1_304' title='bbox 806 3101 913 3177; x_wconf 86' lang='lat' dir='ltr'>igitur,</span> <span class='ocrx_word' id='word_1_305' title='bbox 944 3098 1124 3179; x_wconf 80' lang='lat' dir='ltr'>firmumque</span> <span class='ocrx_word' id='word_1_306' title='bbox 1143 3101 1181 3158; x_wconf 89' lang='lat' dir='ltr'>sit</span> <span class='ocrx_word' id='word_1_307' title='bbox 1198 3101 1350 3178; x_wconf 85' lang='lat' dir='ltr'>epinicion</span> 
     </span>
     <span class='ocr_line' id='line_1_34' title="bbox 249 3180 1353 3264; baseline 0 -23"><span class='ocrx_word' id='word_1_308' title='bbox 249 3186 349 3262; x_wconf 81' lang='lat' dir='ltr'>potius</span> <span class='ocrx_word' id='word_1_309' title='bbox 371 3201 463 3264; x_wconf 79' lang='lat' dir='ltr'>quem</span> <span class='ocrx_word' id='word_1_310' title='bbox 482 3189 591 3261; x_wconf 78' lang='lat' dir='ltr'>po&#39;ems</span> <span class='ocrx_word' id='word_1_311' title='bbox 611 3180 696 3242; x_wconf 87' lang='lat' dir='ltr'>hisce</span> <span class='ocrx_word' id='word_1_312' title='bbox 717 3182 834 3242; x_wconf 76' lang='lat' dir='ltr'>duabus</span> <span class='ocrx_word' id='word_1_313' title='bbox 856 3185 1026 3242; x_wconf 87' lang='lat' dir='ltr'>eorossibus</span> <span class='ocrx_word' id='word_1_314' title='bbox 1049 3185 1201 3243; x_wconf 85' lang='lat' dir='ltr'>contineri.</span> <span class='ocrx_word' id='word_1_315' title='bbox 1244 3203 1293 3242; x_wconf 86' lang='lat' dir='ltr'>res</span> <span class='ocrx_word' id='word_1_316' title='bbox 1320 3195 1353 3241; x_wconf 89' lang='lat' dir='ltr'>et</span> 
     </span>
     <span class='ocr_line' id='line_1_35' title="bbox 249 3267 1355 3349; baseline 0.002 -26"><span class='ocrx_word' id='word_1_317' title='bbox 249 3277 369 3346; x_wconf 86' lang='lat' dir='ltr'>tempus</span> <span class='ocrx_word' id='word_1_318' title='bbox 382 3268 539 3325; x_wconf 89' lang='lat' dir='ltr'>uobiscum</span> <span class='ocrx_word' id='word_1_319' title='bbox 550 3267 675 3326; x_wconf 78' lang='lat' dir='ltr'>fuciunt.</span> <span class='ocrx_word' id='word_1_320' title='bbox 718 3287 791 3326; x_wconf 79' lang='lat' dir='ltr'>uem</span> <span class='ocrx_word' id='word_1_321' title='bbox 812 3279 1021 3348; x_wconf 74' lang='lat' dir='ltr'>praeterquam</span> <span class='ocrx_word' id='word_1_322' title='bbox 1040 3269 1123 3349; x_wconf 89' lang='lat' dir='ltr'>quod</span> <span class='ocrx_word' id='word_1_323' title='bbox 1140 3271 1182 3327; x_wconf 87' lang='lat' dir='ltr'>its</span> <span class='ocrx_word' id='word_1_324' title='bbox 1195 3269 1355 3328; x_wconf 82' lang='lat' dir='ltr'>exorditur</span> 
     </span>
     <span class='ocr_line' id='line_1_36' title="bbox 249 3348 1355 3434; baseline 0.002 -26"><span class='ocrx_word' id='word_1_325' title='bbox 249 3349 351 3409; x_wconf 81' lang='lat' dir='ltr'>Piside</span> <span class='ocrx_word' id='word_1_326' title='bbox 364 3361 398 3408; x_wconf 89' lang='lat' dir='ltr'>ut</span> <span class='ocrx_word' id='word_1_327' title='bbox 413 3348 561 3428; x_wconf 77' lang='lat' dir='ltr'>hymnum</span> <span class='ocrx_word' id='word_1_328' title='bbox 577 3354 733 3413; x_wconf 86' lang='lat' dir='ltr'>existimes</span> <span class='ocrx_word' id='word_1_329' title='bbox 752 3373 877 3429; x_wconf 83' lang='lat' dir='ltr'>oenere,</span> <span class='ocrx_word' id='word_1_330' title='bbox 906 3355 1013 3412; x_wconf 81' lang='lat' dir='ltr'>leviter</span> <span class='ocrx_word' id='word_1_331' title='bbox 1031 3353 1195 3413; x_wconf 83' lang='lat' dir='ltr'>admodum</span> <span class='ocrx_word' id='word_1_332' title='bbox 1213 3374 1250 3413; x_wconf 84' lang='lat' dir='ltr'>ee</span> <span class='ocrx_word' id='word_1_333' title='bbox 1274 3373 1355 3434; x_wconf 75' lang='lat' dir='ltr'>quse</span> 
     </span>
     <span class='ocr_line' id='line_1_37' title="bbox 250 3433 1354 3518; baseline 0.003 -24"><span class='ocrx_word' id='word_1_334' title='bbox 250 3434 290 3494; x_wconf 85' lang='lat' dir='ltr'>ed</span> <span class='ocrx_word' id='word_1_335' title='bbox 309 3433 511 3516; x_wconf 86' lang='lat' dir='ltr'>expeditionis</span> <span class='ocrx_word' id='word_1_336' title='bbox 532 3436 656 3496; x_wconf 87' lang='lat' dir='ltr'>ductum</span> <span class='ocrx_word' id='word_1_337' title='bbox 676 3447 707 3496; x_wconf 90' lang='lat' dir='ltr'>et</span> <span class='ocrx_word' id='word_1_338' title='bbox 728 3441 846 3496; x_wconf 86' lang='lat' dir='ltr'>exitum</span> <span class='ocrx_word' id='word_1_339' title='bbox 860 3449 996 3518; x_wconf 81' lang='lat' dir='ltr'>spectent</span> <span class='ocrx_word' id='word_1_340' title='bbox 1012 3443 1109 3518; x_wconf 71' lang='lat' dir='ltr'>tangit</span> <span class='ocrx_word' id='word_1_341' title='bbox 1124 3443 1198 3497; x_wconf 88' lang='lat' dir='ltr'>etin</span> <span class='ocrx_word' id='word_1_342' title='bbox 1213 3442 1354 3512; x_wconf 80' lang='lat' dir='ltr'>transitu,</span> 
     </span>
     <span class='ocr_line' id='line_1_38' title="bbox 250 3523 1356 3603; baseline 0.001 -24"><span class='ocrx_word' id='word_1_343' title='bbox 250 3531 347 3580; x_wconf 85' lang='lat' dir='ltr'>toturn</span> <span class='ocrx_word' id='word_1_344' title='bbox 368 3531 469 3580; x_wconf 82' lang='lat' dir='ltr'>nutem</span> <span class='ocrx_word' id='word_1_345' title='bbox 488 3542 520 3581; x_wconf 91' lang='lat' dir='ltr'>se</span> <span class='ocrx_word' id='word_1_346' title='bbox 541 3524 723 3581; x_wconf 69' lang='lat' dir='ltr'>in‘iiereclii</span> <span class='ocrx_word' id='word_1_347' title='bbox 743 3527 854 3603; x_wconf 74' lang='lat' dir='ltr'>pietate</span> <span class='ocrx_word' id='word_1_348' title='bbox 880 3523 1118 3582; x_wconf 75' lang='lat' dir='ltr'>commendando</span> <span class='ocrx_word' id='word_1_349' title='bbox 1143 3523 1288 3596; x_wconf 79' lang='lat' dir='ltr'>effundit3</span> <span class='ocrx_word' id='word_1_350' title='bbox 1320 3543 1356 3581; x_wconf 84' lang='lat' dir='ltr'>so</span> 
     </span>
     <span class='ocr_line' id='line_1_39' title="bbox 250 3606 1355 3690; baseline 0 -24"><span class='ocrx_word' id='word_1_351' title='bbox 250 3607 325 3666; x_wconf 88' lang='lat' dir='ltr'>dum</span> <span class='ocrx_word' id='word_1_352' title='bbox 339 3610 372 3666; x_wconf 91' lang='lat' dir='ltr'>iu</span> <span class='ocrx_word' id='word_1_353' title='bbox 384 3626 421 3666; x_wconf 88' lang='lat' dir='ltr'>eo</span> <span class='ocrx_word' id='word_1_354' title='bbox 437 3627 502 3665; x_wconf 86' lang='lat' dir='ltr'>esse</span> <span class='ocrx_word' id='word_1_355' title='bbox 516 3606 613 3666; x_wconf 88' lang='lat' dir='ltr'>credis</span> <span class='ocrx_word' id='word_1_356' title='bbox 624 3619 659 3666; x_wconf 87' lang='lat' dir='ltr'>ut</span> <span class='ocrx_word' id='word_1_357' title='bbox 670 3608 788 3688; x_wconf 86' lang='lat' dir='ltr'>eliquid</span> <span class='ocrx_word' id='word_1_358' title='bbox 802 3608 839 3668; x_wconf 88' lang='lat' dir='ltr'>de</span> <span class='ocrx_word' id='word_1_359' title='bbox 853 3629 885 3666; x_wconf 89' lang='lat' dir='ltr'>re</span> <span class='ocrx_word' id='word_1_360' title='bbox 900 3613 1053 3689; x_wconf 76' lang='lat' dir='ltr'>proposito</span> <span class='ocrx_word' id='word_1_361' title='bbox 1072 3608 1169 3683; x_wconf 83' lang='lat' dir='ltr'>dicet,</span> <span class='ocrx_word' id='word_1_362' title='bbox 1192 3613 1282 3690; x_wconf 87' lang='lat' dir='ltr'>qunsi</span> <span class='ocrx_word' id='word_1_363' title='bbox 1299 3610 1355 3666; x_wconf 84' lang='lat' dir='ltr'>eb-</span> 
     </span>
     <span class='ocr_line' id='line_1_40' title="bbox 250 3690 1358 3774; baseline -0.002 -20"><span class='ocrx_word' id='word_1_364' title='bbox 250 3696 385 3754; x_wconf 86' lang='lat' dir='ltr'>sterritus</span> <span class='ocrx_word' id='word_1_365' title='bbox 398 3690 517 3752; x_wconf 85' lang='lat' dir='ltr'>ridetur</span> <span class='ocrx_word' id='word_1_366' title='bbox 532 3694 656 3765; x_wconf 86' lang='lat' dir='ltr'>resilire,</span> <span class='ocrx_word' id='word_1_367' title='bbox 678 3696 754 3752; x_wconf 91' lang='lat' dir='ltr'>etin</span> <span class='ocrx_word' id='word_1_368' title='bbox 767 3697 805 3752; x_wconf 90' lang='lat' dir='ltr'>iis</span> <span class='ocrx_word' id='word_1_369' title='bbox 819 3713 896 3774; x_wconf 79' lang='lat' dir='ltr'>quse</span> <span class='ocrx_word' id='word_1_370' title='bbox 914 3705 983 3752; x_wconf 79' lang='lat' dir='ltr'>onte</span> <span class='ocrx_word' id='word_1_371' title='bbox 995 3704 1164 3773; x_wconf 79' lang='lat' dir='ltr'>susceptum</span> <span class='ocrx_word' id='word_1_372' title='bbox 1181 3693 1358 3773; x_wconf 84' lang='lat' dir='ltr'>expeditio-</span> 
     </span>
     <span class='ocr_line' id='line_1_41' title="bbox 250 3778 1355 3860; baseline -0.001 -24"><span class='ocrx_word' id='word_1_373' title='bbox 250 3800 321 3837; x_wconf 89' lang='lat' dir='ltr'>nem</span> <span class='ocrx_word' id='word_1_374' title='bbox 334 3779 464 3858; x_wconf 83' lang='lat' dir='ltr'>gloriose</span> <span class='ocrx_word' id='word_1_375' title='bbox 477 3779 591 3836; x_wconf 79' lang='lat' dir='ltr'>feceret</span> <span class='ocrx_word' id='word_1_376' title='bbox 602 3781 765 3858; x_wconf 78' lang='lat' dir='ltr'>imperator</span> <span class='ocrx_word' id='word_1_377' title='bbox 778 3778 950 3838; x_wconf 77' lang='lat' dir='ltr'>enarrandis</span> <span class='ocrx_word' id='word_1_378' title='bbox 967 3783 1134 3859; x_wconf 75' lang='lat' dir='ltr'>perrogari.</span> <span class='ocrx_word' id='word_1_379' title='bbox 1169 3781 1236 3860; x_wconf 84' lang='lat' dir='ltr'>ipse</span> <span class='ocrx_word' id='word_1_380' title='bbox 1253 3790 1355 3838; x_wconf 84' lang='lat' dir='ltr'>sutem</span> 
     </span>
     <span class='ocr_line' id='line_1_42' title="bbox 252 3861 961 3936; baseline 0 -14"><span class='ocrx_word' id='word_1_381' title='bbox 252 3868 338 3925; x_wconf 89' lang='lat' dir='ltr'>testis</span> <span class='ocrx_word' id='word_1_382' title='bbox 352 3874 397 3923; x_wconf 90' lang='lat' dir='ltr'>est</span> <span class='ocrx_word' id='word_1_383' title='bbox 411 3863 549 3936; x_wconf 72' lang='lat' dir='ltr'>disemus,</span> <span class='ocrx_word' id='word_1_384' title='bbox 571 3861 674 3921; x_wconf 87' lang='lat' dir='ltr'>dicens</span> <span class='ocrx_word' id='word_1_385' title='bbox 690 3863 820 3922; x_wconf 81' lang='lat' dir='ltr'>Acroce.</span> <span class='ocrx_word' id='word_1_386' title='bbox 840 3866 857 3927; x_wconf 92' lang='lat'>1</span> <span class='ocrx_word' id='word_1_387' title='bbox 880 3867 961 3928; x_wconf 73' lang='lat'>240:</span> 
     </span>
     <span class='ocr_line' id='line_1_43' title="bbox 415 3943 1017 4033; baseline -0.002 -23"><span class='ocrx_word' id='word_1_388' title='bbox 415 3943 496 4028; x_wconf 75' lang='grc' dir='ltr'>ὅμως</span> <span class='ocrx_word' id='word_1_389' title='bbox 516 3943 657 4018; x_wconf 70' lang='grc' dir='ltr'>ἁπλόαις</span> <span class='ocrx_word' id='word_1_390' title='bbox 677 3943 889 4033; x_wconf 73' lang='grc' dir='ltr'><strong>ριψοκινῦύνφ</strong></span> <span class='ocrx_word' id='word_1_391' title='bbox 908 3943 1017 4030; x_wconf 72' lang='grc' dir='ltr'><strong>θράσει</strong></span> 
     </span>
     <span class='ocr_line' id='line_1_44' title="bbox 416 4026 1190 4115; baseline 0 -21"><span class='ocrx_word' id='word_1_392' title='bbox 416 4029 470 4094; x_wconf 76' lang='grc' dir='ltr'>τὸν</span> <span class='ocrx_word' id='word_1_393' title='bbox 481 4037 574 4108; x_wconf 77' lang='grc' dir='ltr'><strong><em>νοῦν,</em></strong></span> <span class='ocrx_word' id='word_1_394' title='bbox 600 4026 651 4095; x_wconf 79' lang='lat' dir='ltr'>ls&#39;</span> <span class='ocrx_word' id='word_1_395' title='bbox 665 4027 769 4096; x_wconf 78' lang='lat' dir='ltr'>udsoiv</span> <span class='ocrx_word' id='word_1_396' title='bbox 781 4029 913 4115; x_wconf 77' lang='grc' dir='ltr'><strong>νήχομαι</strong></span> <span class='ocrx_word' id='word_1_397' title='bbox 922 4037 985 4096; x_wconf 74' lang='grc' dir='ltr'>τῶν</span> <span class='ocrx_word' id='word_1_398' title='bbox 998 4027 1190 4114; x_wconf 73' lang='grc' dir='ltr'><strong><em>πραγμάτων.</em></strong></span> 
     </span>
    </p>

    <p class='ocr_par' dir='ltr' id='par_1_3' title="bbox 253 4115 1363 4284">
     <span class='ocr_line' id='line_1_45' title="bbox 253 4115 1359 4200; baseline 0.005 -31"><span class='ocrx_word' id='word_1_399' title='bbox 253 4117 297 4170; x_wconf 84' lang='lat' dir='ltr'>its</span> <span class='ocrx_word' id='word_1_400' title='bbox 313 4125 414 4173; x_wconf 86' lang='lat' dir='ltr'>sutem</span> <span class='ocrx_word' id='word_1_401' title='bbox 429 4115 463 4174; x_wconf 93' lang='lat' dir='ltr'>id</span> <span class='ocrx_word' id='word_1_402' title='bbox 477 4117 591 4174; x_wconf 81' lang='lat' dir='ltr'>inotum</span> <span class='ocrx_word' id='word_1_403' title='bbox 608 4126 669 4191; x_wconf 85' lang='lat' dir='ltr'>est,</span> <span class='ocrx_word' id='word_1_404' title='bbox 697 4121 769 4198; x_wconf 86' lang='lat' dir='ltr'>quie</span> <span class='ocrx_word' id='word_1_405' title='bbox 783 4116 855 4178; x_wconf 88' lang='lat' dir='ltr'>huic</span> <span class='ocrx_word' id='word_1_406' title='bbox 868 4121 952 4200; x_wconf 86' lang='lat' dir='ltr'>operi</span> <span class='ocrx_word' id='word_1_407' title='bbox 964 4137 1090 4176; x_wconf 82' lang='lat' dir='ltr'>menum</span> <span class='ocrx_word' id='word_1_408' title='bbox 1104 4119 1195 4178; x_wconf 82' lang='lat' dir='ltr'>nimis</span> <span class='ocrx_word' id='word_1_409' title='bbox 1208 4117 1359 4177; x_wconf 87' lang='lat' dir='ltr'>sollicitus</span> 
     </span>
     <span class='ocr_line' id='line_1_46' title="bbox 255 4195 1363 4284; baseline 0.013 -34"><span class='ocrx_word' id='word_1_410' title='bbox 255 4195 400 4273; x_wconf 74' lang='lat' dir='ltr'>admovit,</span> <span class='ocrx_word' id='word_1_411' title='bbox 421 4202 550 4274; x_wconf 87' lang='lat' dir='ltr'>scilicet,</span> <span class='ocrx_word' id='word_1_412' title='bbox 571 4212 688 4260; x_wconf 75' lang='lat' dir='ltr'>utinen</span> <span class='ocrx_word' id='word_1_413' title='bbox 703 4204 762 4262; x_wconf 80' lang='lat' dir='ltr'>fert</span> <span class='ocrx_word' id='word_1_414' title='bbox 776 4207 893 4284; x_wconf 87' lang='lat' dir='ltr'>opinio,</span> <span class='ocrx_word' id='word_1_415' title='bbox 917 4204 1020 4284; x_wconf 74' lang='lat' dir='ltr'>paullo</span> <span class='ocrx_word' id='word_1_416' title='bbox 1035 4215 1105 4283; x_wconf 85' lang='lat' dir='ltr'>post</span> <span class='ocrx_word' id='word_1_417' title='bbox 1117 4221 1209 4284; x_wconf 81' lang='lat' dir='ltr'>qutun</span> <span class='ocrx_word' id='word_1_418' title='bbox 1226 4197 1363 4283; x_wconf 69' lang='grc' dir='ltr'>ἀνεγνώ-</span> 
     </span>
    </p>
   </div>
   <div class='ocr_carea' id='block_1_3' title="bbox 257 4281 1365 4372">
    <p class='ocr_par' dir='ltr' id='par_1_4' title="bbox 257 4281 1365 4372">
     <span class='ocr_line' id='line_1_47' title="bbox 257 4281 1365 4372; baseline 0.009 -32"><span class='ocrx_word' id='word_1_419' title='bbox 257 4284 379 4358; x_wconf 75' lang='grc' dir='ltr'><strong><em>σθησαν</em></strong></span> <span class='ocrx_word' id='word_1_420' title='bbox 398 4281 480 4359; x_wconf 84' lang='lat' dir='ltr'>(nter</span> <span class='ocrx_word' id='word_1_421' title='bbox 495 4289 578 4346; x_wconf 79' lang='lat' dir='ltr'>enirn</span> <span class='ocrx_word' id='word_1_422' title='bbox 594 4287 693 4346; x_wconf 81' lang='lat' dir='ltr'>verbis</span> <span class='ocrx_word' id='word_1_423' title='bbox 708 4287 848 4349; x_wconf 72' lang='lat' dir='ltr'>chromoi</span> <span class='ocrx_word' id='word_1_424' title='bbox 862 4287 1016 4350; x_wconf 77' lang='lat' dir='ltr'>Pusohnlis</span> <span class='ocrx_word' id='word_1_425' title='bbox 1032 4309 1067 4366; x_wconf 83' lang='lat' dir='ltr'>p·</span> <span class='ocrx_word' id='word_1_426' title='bbox 1087 4287 1164 4366; x_wconf 74' lang='lat'>727)</span> <span class='ocrx_word' id='word_1_427' title='bbox 1184 4282 1365 4372; x_wconf 66' lang='grc' dir='ltr'>ἐπικρίσεις</span> 
     </span>
    </p>
   </div>
   <div class='ocr_carea' id='block_1_4' title="bbox 0 0 1534 4817">
    <p class='ocr_par' dir='ltr' id='par_1_5' title="bbox 0 0 1534 4817">
     <span class='ocr_line' id='line_1_48' title="bbox 0 0 1534 4817; baseline 0 0"><span class='ocrx_word' id='word_1_428' title='bbox 0 0 1534 4817; x_wconf 95' lang='lat' dir='ltr'> </span> 
     </span>
    </p>
   </div>
  </div>
 </body>
</html>
