3017 4817
312 323 372 391 DE
396 321 533 392 REBUS
557 321 668 392 POST
692 321 935 394 mumolum
958 322 1117 392 GESTIS.
1215 327 1265 399 83

259 493 328 563 Ἔτι
350 496 386 563 δὲ
404 495 502 564 νινίων
522 494 602 564 κατά
616 501 673 582 τῆς
686 493 841 580 εὐσεβείας
856 495 892 564 τδ
909 495 990 586 ίερδν
1003 503 1065 564 τῶν
1080 501 1266 587 Ναζηραίων

166 606 272 684 σχῆμα
286 599 484 688 καθάβρισευ.
524 599 620 678 εδθδς
632 601 691 688 γδρ
706 601 811 686 ἀγῶνα
823 599 945 668 inumb
957 601 1096 680 ίπετίλει,
1117 606 1173 668 καί
1180 630 1266 682 τινας

164 701 280 770 τούτων
298 705 447 790 ἐπιτρέπει
467 705 499 768 lv
510 705 595 793 μίσῳ
612 711 656 794 τῷ
677 701 801 794 θεάτρῳ
820 705 995 771 διίλκεσθαι
1010 708 1061 770 καὶ
1077 705 1178 772 οὔτῶν
1191 708 1265 773 ἵκα-

164 830 238 872 στσν
256 816 386 892 γυναῖκα
408 805 596 894 μονάστριαν
614 807 699 896 παρὰ
713 818 806 896 χεῖρα
827 808 946 897 φέρειν·
979 813 1101 875 πολλῶν
1121 835 1155 876 τε
1179 811 1265 900 παρδ

140 907 308 992 5πλήθους
319 917 380 976 τοῖν
391 912 554 993 θεωμίνων
562 909 682 999 ὕβρεων
697 911 802 989 αὐτοῖς
814 914 865 977 καί
877 894 1111 994 ίμτιτυσμάτωί,
1130 908 1182 978 οἷα
1195 917 1265 1003 περὶ

164 1011 201 1078 τὸ
223 1013 356 1096 ὀχλῶδες
376 1015 427 1079 καλ
447 1013 587 1100 ἀγελαῖον
608 1014 787 1098 συμβαίνειν
801 1013 910 1095 ehoe,
934 1017 1169 1099 καταχυθίπων
1183 1017 1265 1082 σδτω

164 1113 219 1180 τὸν
238 1113 376 1199 άθεσμον
398 1119 508 1185 ἐκεῖνον
532 1119 583 1183 καί
606 1117 763 1202 αἴσχιστον
782 1115 930 1203 διήνυσαν
950 1121 1085 1185 δίαυλον.
1135 1120 1214 1202 μετὰ
1229 1122 1264 1186 δὲ
1277 1131 1304 1186 1)

164 1223 269 1284 ταῦτσ
285 1217 400 1307 άνδρας
421 1221 506 1298 τινὰς
527 1227 588 1286 τῶν
609 1223 642 1286 ἓν
663 1217 829 1308 δπεροχαΐς
844 1225 895 1286 καὶ
912 1219 1082 1303 ἀξιώμασιν
1097 1221 1265 1308 ἐγκλήμασι

164 1320 351 1410 βαρυτάταις
365 1329 567 1411 συκοφαντῶν
579 1319 687 1407 ὑπάγει
700 1319 744 1400 ὥς
756 1326 800 1400 είς
811 1322 866 1407 τὴν
879 1322 977 1410 ἀρχὴν
990 1325 1074 1413 αὐτῷ
1087 1325 1266 1408 ίπιβυυλεά-
1286 1396 1289 1401 ,

124 1439 159 1494 10
167 1449 230 1490 σειν
245 1427 458 1514 πειρωμένους.
508 1423 625 1492 ταάτων
646 1425 680 1492 δ’
705 1417 744 1510 ἦν
763 1426 914 1509 Ἀντίοχος
927 1427 985 1510 μίν
999 1423 1017 1492 δ
1033 1433 1094 1493 τῶν
1111 1431 1266 1512 δημοσίων

164 1527 354 1616 πραγμάτων
376 1530 433 1606 τὰς
453 1525 637 1612 δπσμνῆσεις
658 1527 743 1616 crispi
765 1530 947 1612 διακομίζων
960 1531 1143 1615 (λαγαθίτην
1159 1533 1194 1598 δὲ
1209 1540 1267 1599 τοῦ

165 1630 284 1718 δρόμου
300 1631 356 1715 τὴν
371 1631 459 1710 ἀξίαν
473 1632 503 1696 oi
516 1633 585 1719 περὶ
598 1633 638 1697 τὰ
652 1633 795 1714 βασίλεια
809 1633 970 1717 καλοῦσι),
999 1631 1216 1722 Θεοφάλακτος
1231 1636 1267 1700 di

164 1736 199 1798 ἓν
210 1744 274 1812 τοῖς
287 1737 454 1822 πατρικίοις
466 1737 517 1800 καί
530 1745 711 1823 στρατηγοῖς
722 1737 884 1816 διατελῶν,
904 1735 947 1800 ἔτι
962 1735 1026 1820 μὴν
1038 1740 1090 1801 καί
1106 1737 1193 1802 ἄλλοι
1205 1745 1266 1804 τῶν

163 1839 234 1926 περὶ
251 1837 345 1904 eccle
358 1835 578 1926 άσπιδηφάρων
593 1841 644 1904 καί
659 1835 840 1927 δορυφόρων
852 1835 1060 1925 τυγχάνοντες,
1076 1840 1153 1926 πρδς
1167 1841 1202 1905 δὲ
1214 1843 1267 1906 καλ

123 1953 156 2009 16
164 1937 281 2006 τσάτων
293 1941 379 2018 ἓκτδς
393 1943 499 2028 λ’τερυι.
549 1941 620 2023 μετ’
639 1940 676 2008 οὗ
689 1943 768 2007 παλιλ
781 1941 838 2026 τὴν
851 1939 960 2024 δμαίαν
975 1945 1117 2009 ἐπιτελῶν
1135 1941 1267 2025 ἅμιλλαν

163 2041 325 2127 δεσμώτας
344 2045 481 2110 ἐνταῦθα
500 2042 697 2130 περιελκάσας
712 2043 915 2132 ἐθριάμβευε,
949 2048 1001 2111 καί
1022 2053 1061 2134 τῇ
1083 2043 1355 2129 lidulfus-1³48

163 2155 323 2214 στοετῒνον
333 2147 389 2228 μίν
402 2148 454 2212 καί
462 2144 649 2234 Στρατήγιαν
662 2147 816 2234 δδελησδς
827 2145 1021 2236 ὑπάρχοντας
1034 2147 1163 2237 θανάτῳ
1177 2175 1267 2214 κατε-

164 2251 271 2316 δίκασε
277 2299 288 2329 ,
314 2252 365 2314 καί
380 2247 440 2334 ἤδη
453 2247 570 2315 τούτων
581 2251 638 2326 τάς
651 2249 789 2338 κεφαλὰς
804 2252 836 2316 lv
850 2258 894 2340 τῷ
910 2251 1060 2339 λεγομίνῳ
1079 2257 1135 2334 τῆς
1150 2249 1267 2330 πόλεως

162 2355 298 2441 κυνηγίῳ
317 2352 470 2436 άπίτεμεν,
497 2351 598 2420 ἄλλων
613 2353 647 2420 δὲ
660 2345 701 2418 σά
713 2351 787 2430 τοδς
799 2353 986 2441 δφθαλμοδς
1001 2356 1136 2438 ἐξέκοψε.
1163 2359 1267 2441 καλιῇ

120 2453 313 2547 λθδστεραίρ
332 2451 554 2542 παρασκευάζει
574 2461 635 2523 τῶν
657 2457 776 2524 οἰκείων
795 2457 880 2535 τινάς
895 2460 1126 2524 Κωνσταντίναυ
1142 2465 1198 2522 τοῦ
1210 2465 1267 2541 τῆς

162 2557 284 2637 πόλεως
302 2559 464 2648 άρχιερίως
484 2557 575 2646 ὅρκον
598 2559 669 2625 κατ’
694 2559 791 2626 αὐτοῦ
809 2561 958 2648 ίξνφῆναι
976 2561 1158 2648 κατηγορίαν
1163 2609 1174 2640 ,
1201 2564 1267 2627 διε-

162 2664 264 2749 λίγχει
280 2665 314 2728 δὲ
333 2667 473 2752 φανερῶς
493 2659 535 2740 ὥς
548 2662 624 2748 παρ’
642 2661 738 2729 ebroe
757 2661 917 2747 άκηκοίναι
932 2663 1032 2735 πάντα
1046 2663 1085 2729 sd
1102 2665 1186 2751 napis
1205 2670 1266 2729 τῶν

163 2768 237 2855 περλ
256 2766 407 2848 Ἀντίοχον
423 2769 474 2832 καλ
494 2764 712 2854 Θεοφάλακτσν
725 2765 928 2850 μελετώμενα.
981 2770 1032 2832 καί
1046 2766 1142 2844 εὐθὺς
1156 2767 1267 2832 ἐκεῖνον

236 2967 439 3045 λάοεβείαςΡ
543 2976 577 3033 15
594 2968 646 3040 οὓς
660 2971 748 3044 μετ’ί
853 2975 887 3031 19
903 2969 1049 3038 αάτοδςΡ
1134 2977 1168 3031 21
1186 2971 1267 3046 ἔνορ·

156 3076 160 3084 ‚
234 3044 435 3100 aorPetavius.

234 3231 342 3288 llxinde
358 3232 482 3286 fervente
502 3231 587 3288 adhuc
603 3229 740 3301 religionis
757 3229 819 3284 odio
834 3243 937 3283 sucrum
955 3229 1152 3284 Nazaraeomm
1168 3232 1266 3287 cultum

162 3301 352 3357 contumeliose
367 3301 469 3386 habuit.
504 3301 663 3384 commodum
679 3309 803 3383 equestre
820 3308 951 3382 certamen
966 3299 1085 3381 dederat,
1102 3318 1160 3355 cum
1175 3321 1212 3384 err
1221 3301 1267 3355 illo

163 3369 1007 3510 uditutnllffil‘llntulbtllllbdliz
1032 3370 1267 3508 ‘'lillibbll}

165 3515 335 3578 aspectante
351 3507 447 3577 populo
468 3508 631 3562 contumeliis
657 3526 689 3562 uc
711 3508 797 3578 sputis
816 3507 895 3561 etiam
916 3507 1098 3575 dehonestati,
1120 3507 1266 3561 cuiusmodi

74 3628 80 3640 ,
164 3581 201 3634 cb
219 3575 355 3630 incondite
369 3577 522 3648 forensique
555 3577 616 3631 lebe
634 3595 683 3648 par
698 3577 828 3645 estheri,
851 3577 961 3630 infundo
977 3575 1022 3629 illo
1040 3593 1071 3628 ee
1086 3575 1160 3645 turpi
1179 3576 1265 3630 curri-

165 3645 226 3701 culo
248 3644 382 3716 perfuncti
403 3652 474 3698 sunt.
509 3597 558 3700 suh
576 3646 642 3700 heec
661 3647 797 3717 primarios
815 3648 940 3715 quosdam
956 3661 989 3697 ec
1004 3643 1204 3715 praecipuarum
1221 3644 1266 3698 di-

165 3715 296 3786 gnitatum
309 3713 426 3768 homines
440 3715 610 3770 atrocissimis
624 3715 776 3768 criminibus
788 3732 838 3784 per
852 3715 1005 3768 calumniam
1018 3714 1179 3782 aggreditur,
1197 3715 1265 3768 uffe-

166 3793 267 3838 ctutum
284 3785 317 3836 ab
334 3782 368 3836 iis
385 3784 523 3854 imperium
541 3791 678 3852 causetur,
703 3801 786 3854 seque
800 3784 902 3837 illorum
919 3782 1024 3836 insidiis
1039 3783 1195 3852 appetitum.
1231 3801 1266 3838 ex

165 3853 202 3906 iis
223 3851 368 3906 Antiochus
386 3854 512 3922 mugr'ster
532 3853 673 3908 memoriae
689 3853 780 3924 (quem
797 3853 977 3923 magistratum
994 3850 1154 3920 logothetam
1174 3868 1267 3905 cursus

166 3921 303 4006 appellere
319 3920 417 3989 solent)
435 3939 538 3978 necnon
554 3921 772 3992 Theophylactus
788 3923 842 3976 dux
859 3930 887 3976 et
901 3920 1039 3991 petricius,
1057 3936 1120 3973 cum·
1131 3920 1190 3973 aliis
1207 3920 1265 3990 ple-

166 4007 260 4061 neque
287 4009 303 4044 e
323 3997 481 4044 scutatorum
504 4001 532 4046 et
552 4001 729 4064 protectorum
752 4007 860 4046 numero
884 3998 964 4058 etque
985 4007 1020 4042 ex
1043 3989 1103 4042 aliis
1118 3987 1266 4044 ordinibus.

166 4077 235 4132 quos
256 4077 345 4113 omnes
359 4057 452 4113 iisdem
466 4062 636 4116 Circensibus
653 4060 810 4132 spectaculis
823 4060 928 4114 vinctos
945 4058 1126 4112 circumduxit.
1159 4067 1269 4140 postera

164 4131 226 4184 luce
243 4127 443 4184 Constantinum
461 4137 489 4184 ot
505 4129 666 4200 Strategium
682 4132 781 4184 iratres
797 4138 882 4183 morte
895 4127 1043 4196 damnavit,
1061 4144 1093 4180 sc
1108 4129 1220 4180 suhaude
1239 4127 1268 4180 iu

166 4199 307 4268 cynegio,
322 4197 381 4252 loco
394 4198 469 4252 urbis
486 4199 525 4254 ita
540 4200 629 4269 dieto,
655 4209 734 4284 caput
750 4199 803 4253 illis
819 4197 922 4253 sbseidi
935 4197 1025 4261 iussit3
1052 4195 1160 4250 aliorum
1178 4195 1267 4250 oculos

166 4269 247 4324 cruit.
283 4267 411 4338 postridie
428 4269 599 4323 Constantino
620 4269 788 4340 putrrurchee
811 4275 978 4320 accusatores
998 4266 1125 4320 subornat
1141 4267 1268 4335 quosdam

167 4355 203 4394 ex
219 4339 277 4394 sius
295 4335 478 4412 λιωὶλίιῐίλιαε,
496 4337 543 4413 qui
555 4337 680 4396 Antiochi
692 4355 724 4395 ec
737 4334 935 4410 Theophylecli
950 4335 1061 4392 consilia
1073 4335 1179 4394 audisse
1191 4353 1222 4392 ee
1233 4336 1269 4390 de
