3017 4817
418 249 474 315 AD
498 245 782 316 montuosum
805 245 958 317 NOTAE.
1168 243 1239 317 111

139 415 210 496 psit.
252 432 324 473 nem
337 411 422 494 cyclo
434 413 525 474 lunae
542 410 581 478 14
595 413 669 474 hmo
685 411 722 478 14
736 416 810 494 Apr.
826 417 882 488 12,
904 412 1006 494 cyclus
1019 410 1091 472 solis
1102 411 1141 488 9,
1164 431 1238 492 epe-

142 511 205 560 ctae
229 501 300 560 solis
322 504 358 574 83
380 519 454 580 quas
479 497 557 558 adde
577 499 764 580 regularibus
786 503 842 579 τῆς
862 501 1033 575 maculer,
1054 495 1114 556 hoc
1135 508 1181 556 est
1199 501 1236 562 5:
1254 494 1276 546 Ρ
1293 494 1328 548 67

139 587 257 650 1111118.
300 585 425 663 proinde
441 586 516 644 feria
535 590 550 648 1
565 587 678 664 Aprilis
695 588 746 648 12.
790 595 821 643 et
842 579 917 646 καθ’
940 583 1110 662 ὑπέρβασιν
1123 583 1239 663 pasche

138 668 334 730 reiiciendum
355 671 388 728 iu
412 674 461 735 19.
502 689 565 729 non
588 672 680 748 igitur
702 666 834 728 eundem
850 672 883 727 in
898 688 1011 728 annum
1022 669 1173 727 lulianum
1185 680 1239 728 aut

137 757 308 814 Heracliani
329 757 465 833 imperii,
487 752 569 836 quod
588 756 625 814 eb
648 756 769 816 Octobri
781 774 903 830 mense,
925 765 960 813 ut
972 758 1237 828 ammonuimus,

136 839 310 913 inchoetur,
333 837 393 898 duo
408 840 455 897 illi
470 837 668 920 Theophanis
682 859 717 898 ac
731 837 860 901 cedreni
874 838 1059 900 characteres
1071 841 1237 915 incurrunt,

136 923 191 985 sed
212 925 402 1003 Cpolitsnum
426 922 582 984 duntaxat.
624 943 752 1007 quorum
773 928 888 1004 primus
912 925 1032 1005 sepes
1056 927 1238 988 0621111-

134 1007 273 1070 buendus
294 1019 355 1083 est,
379 1010 469 1084 alter,
491 1008 633 1092 idemque
653 1008 822 1090 paschalis,
844 1028 873 1070 a.
896 1013 974 1082 622,
997 1010 1082 1089 cyclo
1100 1007 1238 1089 paschali

137 1095 196 1170 15,
218 1094 302 1174 cyclo
325 1095 398 1154 solis
421 1115 461 1153 ex
479 1093 622 1155 methodo
641 1096 798 1174 cpolitano
821 1106 853 1156 et
871 1096 1001 1154 Maximi
1020 1105 1160 1174 computo
1185 1100 1240 1158 10.

97 1213 103 1224 ·
135 1181 281 1240 terruinus
295 1176 444 1258 paschalis
458 1182 570 1260 Aprilis
590 1185 617 1244 1.
649 1189 858 1234 concurrentes
869 1179 892 1237 4
902 1196 973 1234 cum
984 1181 1117 1252 regulari
1130 1185 1145 1240 1
1162 1177 1237 1238 daut

134 1264 278 1330 10110115
298 1265 411 1344 Aprilis
428 1266 457 1326 1.
500 1264 581 1340 unde
604 1261 718 1338 Aprilis
737 1258 759 1324 4
779 1258 929 1318 dominice
947 1259 1109 1339 paschatis.
1152 1261 1236 1342 apud

133 1352 257 1409 Latinos
276 1369 347 1409 vero
369 1348 452 1424 cyclo
472 1345 545 1404 solis
564 1343 601 1408 15
621 1344 667 1402 111.
682 1341 764 1402 dom.
778 1345 811 1402 0.
856 1341 1063 1405 eodemlunae
1074 1346 1158 1425 cyclo
1170 1358 1234 1407 ter-

133 1436 234 1495 minus
248 1431 397 1513 paschalis
413 1438 443 1488 et
456 1427 567 1508 pascha
578 1427 687 1488 iisdem
699 1425 761 1488 illis
773 1427 892 1488 diebus.

217 1523 253 1576 11
277 1511 484 1576 Alexandrino
508 1513 653 1572 Chronico
676 1534 705 1592 p·
722 1517 786 1578 892
805 1516 951 1594 scriptum
969 1522 1031 1589 est,
1052 1511 1161 1574 indict.
1182 1519 1234 1591 12,

131 1603 265 1664 Heraclii
288 1601 326 1666 14
349 1610 379 1658 01
400 1609 469 1677 post
489 1601 553 1658 eius
575 1599 762 1658 consulatum
786 1603 844 1672 13,
876 1600 1009 1658 Heraclii
1031 1601 1157 1659 iunioris
1183 1604 1234 1675 12,

132 1688 307 1748 Heraclium
321 1705 391 1744 omn
404 1684 506 1742 liberis
521 1693 551 1742 et
563 1685 689 1762 coniuge
702 1683 873 1761 profectum
885 1684 927 1748 25
940 1685 1058 1759 Martii,
1080 1695 1110 1743 et
1125 1683 1164 1743 sd
1177 1689 1233 1743 Ni-

132 1771 301 1834 comediam
327 1767 440 1849 pascha
465 1769 649 1844 celebrasse3
681 1765 849 1828 secundnm
869 1767 954 1850 quod
975 1772 1108 1830 remissis
1129 1771 1234 1830 liberis

132 1879 202 1918 cum
213 1857 342 1916 Mertina
355 1856 481 1932 coniuge
496 1855 639 1934 perrexit.
682 1849 828 1913 debuerat
848 1851 1001 1933 paschatis
1019 1853 1234 1932 characterem,

130 1955 166 2005 ut
183 1947 216 2002 in
237 1941 399 2002 levioribus
419 1940 513 2015 solet,
536 1936 714 1998 adscribere.
756 1939 895 2014 interim,
924 1941 1043 1998 11100110
1063 1941 1153 1999 lectio
1176 1952 1233 2018 est,

129 2027 189 2090 hoc
201 2023 312 2108 pascha
326 2028 358 2083 iu
372 2043 400 2082 0.
414 2021 444 2082 (1.
457 2021 520 2088 624
530 2026 663 2096 incurrit,
686 2024 770 2104 cyclo
783 2025 856 2084 solis
866 2027 1002 2084 Romano
1018 2027 1059 2088 17
1072 2027 1234 2101 bissextili,

128 2116 177 2174 lit.
201 2111 283 2172 dom.
307 2111 349 2187 (1,
371 2119 459 2168 term.
480 2107 584 2187 pasch.
603 2110 622 2173 6
643 2106 703 2168 eid.
717 2112 811 2188 Apu,
830 2110 906 2168 feria
919 2111 954 2184 1,
977 2108 1058 2172 dom.
1071 2108 1175 2190 pasch.
1191 2117 1233 2178 17

128 2196 193 2258 kal.
214 2199 326 2273 Maias,
357 2191 417 2254 hoo
435 2203 481 2252 est
497 2197 570 2274 Apr.
592 2191 643 2258 15.
686 2213 727 2252 ex
748 2192 892 2254 methodo
911 2214 982 2254 vero
1001 2196 1130 2254 Maximi
1146 2197 1233 2276 cyclo

130 2283 203 2344 solis
226 2286 275 2347 12.
319 2288 527 2340 concurrentes
542 2282 563 2342 7
584 2299 654 2338 cum
672 2279 804 2359 regulari
818 2283 945 2360 9Apr.,
965 2277 1025 2340 hoc
1039 2285 1135 2355 0012,
1157 2279 1233 2340 dant

129 2368 316 2431 1011011211
331 2366 470 2423 termino.
492 2383 563 2444 ergo
581 2365 619 2429 15
633 2367 706 2444 Apr.
722 2362 845 2444 pascha.
866 2365 1095 2426 rerumielsum
1107 2369 1232 2425 omuino

130 2451 301 2513 Chronicon
315 2448 393 2510 illud
406 2469 471 2509 esse
485 2471 525 2510 ex
543 2468 578 2510 eo
590 2449 776 2510 validissime
793 2450 951 2530 probatur,
973 2449 1056 2530 qnod
1075 2452 1232 2510 Heraclius

130 2559 158 2598 0.
172 2539 294 2618 imperii
309 2533 349 2599 14
364 2536 452 2614 cpoli
465 2555 530 2594 esse
545 2554 606 2594 uon
621 2538 735 2614 potuits
756 2531 816 2594 hoc
837 2537 920 2594 enim
937 2554 1016 2594 01110
1036 2555 1106 2594 cum
1121 2537 1154 2593 in
1174 2537 1233 2595 Al-

128 2625 219 2683 benia
234 2622 366 2680 hiemem
379 2619 578 2695 traduxisset,
600 2631 757 2699 appetente
769 2640 851 2691 vere,
872 2621 961 2680 neoto
973 2641 1009 2677 ex
1021 2620 1163 2680 Albunea
1176 2642 1232 2679 oa-

128 2711 213 2781 11110,
235 2718 269 2765 ut
289 2709 331 2764 ait
350 2704 570 2784 Theophanes,
595 2709 627 2764 in
642 2704 799 2765 Persidem
812 2708 929 2786 erupit,
950 2715 1073 2787 totoque
1089 2704 1232 2786 deinceps

126 2813 206 2853 euno
222 2811 291 2850 cum
306 2787 444 2850 Ghosrois
460 2788 585 2849 ducibus
600 2794 757 2869 pugnavit.

212 2879 257 2936 Ne
281 2873 393 2934 diutius
415 2873 565 2948 differam,
586 2875 627 2932 ita
652 2895 773 2953 prorsus
794 2874 954 2946 existimo,
977 2869 1090 2954 pasche
1104 2871 1182 2932 illud
1196 2876 1230 2932 in

127 2959 277 3022 chronico
299 2970 565 3020 commemoratum
585 2960 768 3018 celebratum
781 2959 818 3017 011
834 2959 972 3017 Heraclio
978 2976 1053 3017 esse
1066 2977 1095 3016 a.
1109 2961 1230 3038 imperii

128 3052 167 3112 18
192 3045 261 3106 lnd.
287 3048 344 3119 11,
375 3042 486 3104 Christi
508 3044 580 3110 623.
624 3062 684 3123 quo
706 3063 785 3103 anno
809 3043 893 3123 cyclo
915 3043 988 3102 solis
1007 3043 1164 3122 Cpoliteno
1180 3048 1230 3121 11,

125 3133 217 3191 lunae
235 3134 272 3194 16
286 3131 432 3189 terminus
443 3127 547 3210 pasch.
560 3130 601 3194 21
616 3129 726 3188 Martii.
753 3138 963 3190 concurrentes
976 3128 997 3194 5
1010 3147 1080 3186 cum
1092 3136 1230 3208 προσθε-

125 3212 227 3290 coici
244 3211 472 3278 dantferiam2
491 3215 678 3273 intermino.
720 3211 791 3274 ideo
814 3214 916 3272 Martii
937 3216 979 3276 27
1001 3211 1153 3272 dominica
1170 3235 1229 3294 pa-

125 3299 248 3360 schalis.
290 3297 373 3358 idem
393 3302 532 3358 convenit
552 3297 634 3378 apud
653 3301 779 3360 Latinos
793 3299 877 3378 cyclo
889 3298 962 3357 solis
977 3301 1017 3362 16
1031 3300 1077 3357 111.
1093 3297 1175 3358 dom.
1191 3304 1229 3359 B.

125 3396 217 3468 atque
245 3380 303 3442 hoc
328 3381 450 3464 quidem
475 3401 569 3456 auno,
596 3395 716 3444 auctore
739 3381 945 3464 Theophane,
972 3382 1146 3459 Heraclius,
1176 3387 1230 3467 qui
1303 3427 1310 3442 .

125 3489 205 3529 anno
232 3469 384 3546 superiore
415 3467 532 3546 cpolim
561 3463 718 3526 hiemandi
746 3487 837 3529 causa
859 3488 900 3527 ex
920 3471 1066 3530 Armenia
1087 3467 1229 3548 redierat,

125 3554 228 3614 Martii
249 3551 306 3629 16,
327 3549 395 3612 Ind.
420 3555 456 3615 11
481 3561 582 3610 contra
603 3551 755 3614 chosroen
775 3573 913 3634 egressus
928 3564 985 3614 est.
1028 3552 1111 3634 qnod
1125 3565 1229 3615 antem

125 3641 168 3703 25
187 3639 288 3697 Martii
309 3635 462 3718 proiectus
481 3637 512 3692 iu
533 3633 679 3696 Chronico
700 3639 828 3717 legitur,
849 3639 938 3698 facile
957 3658 1026 3697 cum
1038 3635 1229 3718 Theophane

125 3723 279 3783 conciliari
302 3731 410 3802 potest.
453 3717 529 3800 quid
548 3722 575 3779 si
596 3723 677 3780 enim
690 3743 745 3802 pro
762 3720 798 3788 ιε’
812 3725 931 3805 scripsit
944 3720 1148 3802 Theophanes
1163 3721 1228 3788 ee'?

125 3806 201 3888 quid
214 3811 283 3867 siin
297 3810 403 3866 itinere
421 3806 637 3886 aliquantisper
652 3817 786 3870 moratus
804 3807 872 3870 esti
894 3819 947 3868 aut
965 3807 1141 3868 Nicomedia
1160 3812 1228 3890 ipso

125 3891 175 3952 die
192 3893 426 3953 annuntiationis
438 3892 589 3972 profectus
603 3893 691 3954 tertio
705 3892 777 3953 inde
793 3893 843 3955 die
855 3892 968 3975 pascha
979 3895 1152 3954 celebravit.

208 3981 364 4038 Postremo
386 3995 427 4036 ex
448 3975 497 4036 his
519 3977 658 4038 omnibus
680 3990 806 4059 apparet
825 3983 957 4059 primam
972 3980 1105 4038 Heraclii
1119 3981 1225 4059 profe·

125 4063 254 4122 ctionem
266 4066 298 4122 in
314 4065 465 4122 Orientem
479 4061 622 4123 accidisse
635 4082 663 4122 0.
676 4065 711 4123 (l.
725 4067 805 4140 622,
827 4065 958 4124 Heraclii
971 4068 1027 4140 13,
1048 4065 1157 4124 1111101.
1171 4071 1223 4132 10.

207 4169 238 4228 p·
256 4151 294 4213 17
308 4169 339 4206 v.
356 4151 405 4212 19.
449 4141 570 4227 duriose
591 4145 641 4212 dod
660 4153 716 4213 rori
728 4144 896 4229 1111101100]
917 4147 1162 4230 prochronismos
1176 4164 1223 4212 est

123 4249 151 4292 0.
175 4235 238 4294 lere
259 4235 360 4294 trium.
405 4251 482 4316 quse
500 4235 581 4294 euim
595 4245 761 4318 sequuntur
773 4255 836 4298 non
851 4255 930 4298 anno
943 4237 998 4298 illo
1015 4254 1075 4320 quo
1087 4239 1221 4318 primum
