<?xml version="1.0" encoding="UTF-8"?>
<!DOCTYPE html PUBLIC "-//W3C//DTD XHTML 1.0 Transitional//EN"
    "http://www.w3.org/TR/xhtml1/DTD/xhtml1-transitional.dtd">
<html xmlns="http://www.w3.org/1999/xhtml" xml:lang="en" lang="en">
 <head>
  <title>
</title>
<meta http-equiv="Content-Type" content="text/html;charset=utf-8" />
  <meta name='ocr-system' content='tesseract 3.04.00' />
  <meta name='ocr-capabilities' content='ocr_page ocr_carea ocr_par ocr_line ocrx_word'/>
</head>
<body>
  <div class='ocr_page' id='page_1' title='image "./corpusscriptoru19theogoog/corpusscriptoru19theogoog_0380.png"; bbox 0 0 3017 4817; ppageno 0'>
   <div class='ocr_carea' id='block_1_1' title="bbox 263 311 920 398">
    <p class='ocr_par' dir='ltr' id='par_1_1' title="bbox 263 311 920 398">
     <span class='ocr_line' id='line_1_1' title="bbox 263 311 920 398; baseline -0.012 -9"><span class='ocrx_word' id='word_1_1' title='bbox 263 311 337 389; x_wconf 75' lang='lat'><strong>134</strong></span> <span class='ocrx_word' id='word_1_2' title='bbox 708 313 920 398; x_wconf 82' lang='lat' dir='ltr'><strong>QUERGIUS</strong></span> 
     </span>
    </p>
   </div>
   <div class='ocr_carea' id='block_1_2' title="bbox 260 477 1369 563">
    <p class='ocr_par' dir='ltr' id='par_1_2' title="bbox 260 467 1496 580">
     <span class='ocr_line' id='line_1_2' title="bbox 260 477 1369 563; baseline -0.024 -21"><span class='ocrx_word' id='word_1_3' title='bbox 260 485 324 542; x_wconf 89' lang='lat' dir='ltr'><strong>lem</strong></span> <span class='ocrx_word' id='word_1_4' title='bbox 340 491 483 562; x_wconf 89' lang='lat' dir='ltr'><strong>putarunt</strong></span> <span class='ocrx_word' id='word_1_5' title='bbox 501 490 635 555; x_wconf 78' lang='lat' dir='ltr'><strong>veteres,</strong></span> <span class='ocrx_word' id='word_1_6' title='bbox 661 491 834 560; x_wconf 73' lang='lat' dir='ltr'>penetrasse</span> <span class='ocrx_word' id='word_1_7' title='bbox 849 479 1023 539; x_wconf 76' lang='lat' dir='ltr'><strong>Heraclium</strong></span> <span class='ocrx_word' id='word_1_8' title='bbox 1037 477 1203 558; x_wconf 61' lang='lat' dir='ltr'><strong>eignffim3</strong></span> <span class='ocrx_word' id='word_1_9' title='bbox 1236 478 1271 540; x_wconf 53' lang='grc' dir='ltr'><strong>ᾖ]</strong></span> <span class='ocrx_word' id='word_1_10' title='bbox 1286 479 1369 563; x_wconf 61' lang='lat' dir='ltr'><strong>qdod</strong></span> 
     </span>
    </p>
   </div>
   <div class='ocr_carea' id='block_1_3' title="bbox 257 565 1369 986">
    <p class='ocr_par' dir='ltr' id='par_1_3' title="bbox 261 565 927 649">
     <span class='ocr_line' id='line_1_3' title="bbox 261 565 927 649; baseline -0.008 -22"><span class='ocrx_word' id='word_1_11' title='bbox 261 572 393 649; x_wconf 85' lang='lat' dir='ltr'><strong>apertius</strong></span> <span class='ocrx_word' id='word_1_12' title='bbox 406 567 551 647; x_wconf 79' lang='lat' dir='ltr'><strong>exprimit</strong></span> <span class='ocrx_word' id='word_1_13' title='bbox 566 569 600 626; x_wconf 82' lang='lat' dir='ltr'><strong>in</strong></span> <span class='ocrx_word' id='word_1_14' title='bbox 611 565 793 624; x_wconf 72' lang='grc' dir='ltr'><strong>Ηενοοίὰιιί.</strong></span> <span class='ocrx_word' id='word_1_15' title='bbox 812 568 831 627; x_wconf 90' lang='grc'><strong>1·</strong></span> <span class='ocrx_word' id='word_1_16' title='bbox 854 566 927 629; x_wconf 87' lang='grc'><strong>166.</strong></span> 
     </span>
    </p>

    <p class='ocr_par' dir='ltr' id='par_1_4' title="bbox 257 647 1369 986">
     <span class='ocr_line' id='line_1_4' title="bbox 344 647 1369 730; baseline 0 -20"><span class='ocrx_word' id='word_1_17' title='bbox 344 653 419 719; x_wconf 80' lang='lat'><strong>256.</strong></span> <span class='ocrx_word' id='word_1_18' title='bbox 459 662 558 710; x_wconf 85' lang='lat' dir='ltr'><strong>mater</strong></span> <span class='ocrx_word' id='word_1_19' title='bbox 577 652 727 726; x_wconf 81' lang='lat' dir='ltr'><strong>liereclii,</strong></span> <span class='ocrx_word' id='word_1_20' title='bbox 753 661 831 710; x_wconf 82' lang='lat' dir='ltr'><strong>teste</strong></span> <span class='ocrx_word' id='word_1_21' title='bbox 849 647 1039 730; x_wconf 88' lang='lat' dir='ltr'><strong>Theophane</strong></span> <span class='ocrx_word' id='word_1_22' title='bbox 1048 670 1085 728; x_wconf 83' lang='lat' dir='ltr'><strong>p.</strong></span> <span class='ocrx_word' id='word_1_23' title='bbox 1102 647 1182 725; x_wconf 76' lang='lat'><strong>250,</strong></span> <span class='ocrx_word' id='word_1_24' title='bbox 1203 651 1369 710; x_wconf 80' lang='lat' dir='ltr'><strong>vocabatur</strong></span> 
     </span>
     <span class='ocr_line' id='line_1_5' title="bbox 258 735 1367 818; baseline -0.001 -21"><span class='ocrx_word' id='word_1_25' title='bbox 258 735 441 818; x_wconf 75' lang='lat' dir='ltr'><strong>Epiphania.</strong></span> <span class='ocrx_word' id='word_1_26' title='bbox 481 750 520 796; x_wconf 88' lang='lat' dir='ltr'><strong>&#39;ea</strong></span> <span class='ocrx_word' id='word_1_27' title='bbox 533 738 622 817; x_wconf 65' lang='lat' dir='ltr'><strong>cpoli</strong></span> <span class='ocrx_word' id='word_1_28' title='bbox 642 736 787 817; x_wconf 82' lang='lat' dir='ltr'><strong>degebat,</strong></span> <span class='ocrx_word' id='word_1_29' title='bbox 822 755 892 794; x_wconf 88' lang='lat' dir='ltr'><strong>cum</strong></span> <span class='ocrx_word' id='word_1_30' title='bbox 911 736 991 795; x_wconf 83' lang='lat' dir='ltr'><strong>filim</strong></span> <span class='ocrx_word' id='word_1_31' title='bbox 1007 735 1163 794; x_wconf 75' lang='lat' dir='ltr'>Heraclius</span> <span class='ocrx_word' id='word_1_32' title='bbox 1180 739 1315 816; x_wconf 88' lang='lat' dir='ltr'><strong>primum</strong></span> <span class='ocrx_word' id='word_1_33' title='bbox 1327 757 1367 796; x_wconf 82' lang='lat' dir='ltr'><strong>ex</strong></span> 
     </span>
     <span class='ocr_line' id='line_1_6' title="bbox 258 820 1365 903; baseline -0.001 -20"><span class='ocrx_word' id='word_1_34' title='bbox 258 824 361 884; x_wconf 79' lang='lat' dir='ltr'><strong>Africa</strong></span> <span class='ocrx_word' id='word_1_35' title='bbox 372 825 555 903; x_wconf 74' lang='lat' dir='ltr'><strong>Byzantium</strong></span> <span class='ocrx_word' id='word_1_36' title='bbox 568 825 667 898; x_wconf 78' lang='lat' dir='ltr'><strong>venit,</strong></span> <span class='ocrx_word' id='word_1_37' title='bbox 697 834 732 880; x_wconf 88' lang='lat' dir='ltr'><strong>ut</strong></span> <span class='ocrx_word' id='word_1_38' title='bbox 746 820 882 880; x_wconf 86' lang='lat' dir='ltr'><strong>Phooam</strong></span> <span class='ocrx_word' id='word_1_39' title='bbox 895 831 1058 900; x_wconf 78' lang='lat' dir='ltr'><strong>tyrannum</strong></span> <span class='ocrx_word' id='word_1_40' title='bbox 1073 840 1166 900; x_wconf 85' lang='lat' dir='ltr'><strong>regno</strong></span> <span class='ocrx_word' id='word_1_41' title='bbox 1181 823 1365 882; x_wconf 74' lang='lat' dir='ltr'><strong>exturbaret.</strong></span> 
     </span>
     <span class='ocr_line' id='line_1_7' title="bbox 257 905 1366 986; baseline 0 -18"><span class='ocrx_word' id='word_1_42' title='bbox 257 905 361 968; x_wconf 77' lang='lat' dir='ltr'><strong>Phoco</strong></span> <span class='ocrx_word' id='word_1_43' title='bbox 373 928 446 967; x_wconf 78' lang='lat' dir='ltr'><strong>vero</strong></span> <span class='ocrx_word' id='word_1_44' title='bbox 457 919 587 966; x_wconf 86' lang='lat' dir='ltr'><strong>matrem</strong></span> <span class='ocrx_word' id='word_1_45' title='bbox 601 929 672 968; x_wconf 85' lang='lat' dir='ltr'><strong>cnm</strong></span> <span class='ocrx_word' id='word_1_46' title='bbox 682 905 819 968; x_wconf 85' lang='lat' dir='ltr'><strong>Eudocia</strong></span> <span class='ocrx_word' id='word_1_47' title='bbox 832 927 928 965; x_wconf 87' lang='lat' dir='ltr'><strong>uxore</strong></span> <span class='ocrx_word' id='word_1_48' title='bbox 942 908 1074 965; x_wconf 84' lang='lat' dir='ltr'><strong>Heraclii</strong></span> <span class='ocrx_word' id='word_1_49' title='bbox 1088 909 1121 964; x_wconf 92' lang='lat' dir='ltr'><strong>iu</strong></span> <span class='ocrx_word' id='word_1_50' title='bbox 1135 908 1289 986; x_wconf 85' lang='lat' dir='ltr'><strong>imperiali</strong></span> <span class='ocrx_word' id='word_1_51' title='bbox 1299 927 1366 968; x_wconf 90' lang='lat' dir='ltr'><strong>mo-</strong></span> 
     </span>
    </p>
   </div>
   <div class='ocr_carea' id='block_1_4' title="bbox 258 988 1496 1158">
    <p class='ocr_par' dir='ltr' id='par_1_5' title="bbox 258 988 1496 1158">
     <span class='ocr_line' id='line_1_8' title="bbox 258 988 1496 1078; baseline -0.003 -24"><span class='ocrx_word' id='word_1_52' title='bbox 258 996 389 1054; x_wconf 80' lang='lat' dir='ltr'><strong>nasterio</strong></span> <span class='ocrx_word' id='word_1_53' title='bbox 402 997 504 1052; x_wconf 85' lang='lat' dir='ltr'><strong>Norae</strong></span> <span class='ocrx_word' id='word_1_54' title='bbox 518 995 725 1053; x_wconf 82' lang='lat' dir='ltr'><strong>Poenitentiae</strong></span> <span class='ocrx_word' id='word_1_55' title='bbox 747 991 909 1071; x_wconf 81' lang='lat' dir='ltr'><strong>diligenter</strong></span> <span class='ocrx_word' id='word_1_56' title='bbox 927 988 1128 1051; x_wconf 79' lang='lat' dir='ltr'><strong>adservandas</strong></span> <span class='ocrx_word' id='word_1_57' title='bbox 1141 993 1276 1054; x_wconf 85' lang='lat' dir='ltr'><strong>inclusit.</strong></span> <span class='ocrx_word' id='word_1_58' title='bbox 1315 996 1365 1052; x_wconf 88' lang='lat' dir='ltr'><strong>ni·</strong></span> <span class='ocrx_word' id='word_1_59' title='bbox 1495 1039 1496 1078; x_wconf 57' lang='lat'><strong>,</strong></span> 
     </span>
     <span class='ocr_line' id='line_1_9' title="bbox 258 1075 1496 1158; baseline -0.003 -20"><span class='ocrx_word' id='word_1_60' title='bbox 258 1077 424 1138; x_wconf 87' lang='lat' dir='ltr'><strong>hilominus</strong></span> <span class='ocrx_word' id='word_1_61' title='bbox 440 1081 544 1138; x_wconf 89' lang='lat' dir='ltr'><strong>moltis</strong></span> <span class='ocrx_word' id='word_1_62' title='bbox 563 1077 663 1139; x_wconf 89' lang='lat' dir='ltr'><strong>adhuc</strong></span> <span class='ocrx_word' id='word_1_63' title='bbox 680 1081 767 1138; x_wconf 89' lang='lat' dir='ltr'><strong>annis</strong></span> <span class='ocrx_word' id='word_1_64' title='bbox 779 1075 985 1158; x_wconf 81' lang='lat' dir='ltr'><strong>Epiphaniam</strong></span> <span class='ocrx_word' id='word_1_65' title='bbox 999 1080 1113 1137; x_wconf 77' lang='lat' dir='ltr'><strong>vixisse</strong></span> <span class='ocrx_word' id='word_1_66' title='bbox 1126 1096 1183 1136; x_wconf 87' lang='lat' dir='ltr'><strong>nos</strong></span> <span class='ocrx_word' id='word_1_67' title='bbox 1196 1089 1300 1138; x_wconf 90' lang='lat' dir='ltr'><strong>monet</strong></span> <span class='ocrx_word' id='word_1_68' title='bbox 1311 1082 1363 1138; x_wconf 80' lang='lat' dir='ltr'><strong>Pi-</strong></span> <span class='ocrx_word' id='word_1_69' title='bbox 1495 1131 1496 1134; x_wconf 74' lang='grc'>,</span> 
     </span>
    </p>
   </div>
   <div class='ocr_carea' id='block_1_5' title="bbox 216 1161 1383 4151">
    <p class='ocr_par' dir='ltr' id='par_1_6' title="bbox 259 1161 1363 1244">
     <span class='ocr_line' id='line_1_10' title="bbox 259 1161 1363 1244; baseline -0.002 -20"><span class='ocrx_word' id='word_1_70' title='bbox 259 1163 337 1224; x_wconf 89' lang='lat' dir='ltr'><strong>sida.</strong></span> <span class='ocrx_word' id='word_1_71' title='bbox 380 1166 496 1225; x_wconf 88' lang='lat' dir='ltr'><strong>similes</strong></span> <span class='ocrx_word' id='word_1_72' title='bbox 510 1185 615 1225; x_wconf 81' lang='lat' dir='ltr'><strong>remus</strong></span> <span class='ocrx_word' id='word_1_73' title='bbox 627 1166 730 1244; x_wconf 86' lang='lat' dir='ltr'><strong>legere</strong></span> <span class='ocrx_word' id='word_1_74' title='bbox 743 1174 790 1223; x_wconf 93' lang='lat' dir='ltr'><strong>est</strong></span> <span class='ocrx_word' id='word_1_75' title='bbox 802 1166 835 1222; x_wconf 93' lang='lat' dir='ltr'><strong>in</strong></span> <span class='ocrx_word' id='word_1_76' title='bbox 847 1161 1017 1222; x_wconf 83' lang='lat' dir='ltr'><strong>Heracliad.</strong></span> <span class='ocrx_word' id='word_1_77' title='bbox 1032 1169 1049 1230; x_wconf 87' lang='lat'>1</span> <span class='ocrx_word' id='word_1_78' title='bbox 1068 1163 1129 1228; x_wconf 85' lang='grc'><strong>165</strong></span> <span class='ocrx_word' id='word_1_79' title='bbox 1146 1173 1178 1222; x_wconf 89' lang='lat' dir='ltr'><strong>et</strong></span> <span class='ocrx_word' id='word_1_80' title='bbox 1193 1161 1233 1222; x_wconf 91' lang='lat' dir='ltr'><strong>de</strong></span> <span class='ocrx_word' id='word_1_81' title='bbox 1247 1163 1363 1244; x_wconf 80' lang='lat' dir='ltr'><strong>Exped.</strong></span> 
     </span>
    </p>

    <p class='ocr_par' dir='ltr' id='par_1_7' title="bbox 260 1331 1363 1586">
     <span class='ocr_line' id='line_1_11' title="bbox 346 1331 1363 1414; baseline -0.004 -16"><span class='ocrx_word' id='word_1_82' title='bbox 346 1333 420 1398; x_wconf 72' lang='lat'><strong>258.</strong></span> <span class='ocrx_word' id='word_1_83' title='bbox 461 1334 566 1414; x_wconf 89' lang='lat' dir='ltr'><strong>plures</strong></span> <span class='ocrx_word' id='word_1_84' title='bbox 585 1335 650 1393; x_wconf 89' lang='lat' dir='ltr'><strong>iam</strong></span> <span class='ocrx_word' id='word_1_85' title='bbox 669 1334 749 1394; x_wconf 84' lang='lat' dir='ltr'><strong>filios</strong></span> <span class='ocrx_word' id='word_1_86' title='bbox 770 1353 811 1394; x_wconf 86' lang='lat' dir='ltr'><strong>ex</strong></span> <span class='ocrx_word' id='word_1_87' title='bbox 831 1331 967 1394; x_wconf 78' lang='lat' dir='ltr'><strong>Budooia</strong></span> <span class='ocrx_word' id='word_1_88' title='bbox 987 1334 1119 1413; x_wconf 87' lang='lat' dir='ltr'><strong>primum</strong></span> <span class='ocrx_word' id='word_1_89' title='bbox 1140 1352 1176 1394; x_wconf 89' lang='lat' dir='ltr'><strong>ac</strong></span> <span class='ocrx_word' id='word_1_90' title='bbox 1196 1333 1302 1394; x_wconf 89' lang='lat' dir='ltr'><strong>deinde</strong></span> <span class='ocrx_word' id='word_1_91' title='bbox 1322 1353 1363 1394; x_wconf 86' lang='lat' dir='ltr'><strong>ex</strong></span> 
     </span>
     <span class='ocr_line' id='line_1_12' title="bbox 261 1419 1363 1501; baseline 0.005 -25"><span class='ocrx_word' id='word_1_92' title='bbox 261 1419 390 1478; x_wconf 76' lang='lat' dir='ltr'><strong>Martiae</strong></span> <span class='ocrx_word' id='word_1_93' title='bbox 409 1429 583 1500; x_wconf 85' lang='lat' dir='ltr'><strong>susceperat</strong></span> <span class='ocrx_word' id='word_1_94' title='bbox 602 1421 777 1496; x_wconf 87' lang='lat' dir='ltr'><strong>Heraclius,</strong></span> <span class='ocrx_word' id='word_1_95' title='bbox 819 1439 889 1478; x_wconf 90' lang='lat' dir='ltr'><strong>cum</strong></span> <span class='ocrx_word' id='word_1_96' title='bbox 910 1423 943 1478; x_wconf 90' lang='lat' dir='ltr'><strong>in</strong></span> <span class='ocrx_word' id='word_1_97' title='bbox 965 1421 1118 1479; x_wconf 81' lang='lat' dir='ltr'><strong>Orientem</strong></span> <span class='ocrx_word' id='word_1_98' title='bbox 1141 1421 1291 1501; x_wconf 81' lang='lat' dir='ltr'><strong>profectus</strong></span> <span class='ocrx_word' id='word_1_99' title='bbox 1309 1431 1363 1497; x_wconf 83' lang='lat' dir='ltr'><strong>est,</strong></span> 
     </span>
     <span class='ocr_line' id='line_1_13' title="bbox 260 1503 1312 1586; baseline 0.002 -24"><span class='ocrx_word' id='word_1_100' title='bbox 260 1523 339 1586; x_wconf 83' lang='lat' dir='ltr'><strong>quos</strong></span> <span class='ocrx_word' id='word_1_101' title='bbox 350 1515 454 1563; x_wconf 89' lang='lat' dir='ltr'><strong>tamen</strong></span> <span class='ocrx_word' id='word_1_102' title='bbox 470 1506 557 1584; x_wconf 78' lang='lat' dir='ltr'><strong>cpoli</strong></span> <span class='ocrx_word' id='word_1_103' title='bbox 573 1507 752 1565; x_wconf 71' lang='lat' dir='ltr'><strong>remansisse</strong></span> <span class='ocrx_word' id='word_1_104' title='bbox 766 1503 866 1585; x_wconf 84' lang='lat' dir='ltr'><strong>prodit</strong></span> <span class='ocrx_word' id='word_1_105' title='bbox 882 1504 1051 1564; x_wconf 79' lang='lat' dir='ltr'><strong>Chronioon</strong></span> <span class='ocrx_word' id='word_1_106' title='bbox 1065 1503 1174 1564; x_wconf 82' lang='lat' dir='ltr'><strong>Paseh.</strong></span> <span class='ocrx_word' id='word_1_107' title='bbox 1186 1527 1223 1584; x_wconf 84' lang='lat' dir='ltr'><strong>p.</strong></span> <span class='ocrx_word' id='word_1_108' title='bbox 1237 1505 1312 1570; x_wconf 78' lang='lat'><strong>714.</strong></span> 
     </span>
    </p>

    <p class='ocr_par' dir='ltr' id='par_1_8' title="bbox 347 1588 1365 1670">
     <span class='ocr_line' id='line_1_14' title="bbox 347 1588 1365 1670; baseline -0.004 -16"><span class='ocrx_word' id='word_1_109' title='bbox 347 1593 422 1654; x_wconf 79' lang='lat'><strong>266.</strong></span> <span class='ocrx_word' id='word_1_110' title='bbox 466 1589 504 1649; x_wconf 92' lang='lat' dir='ltr'><strong>de</strong></span> <span class='ocrx_word' id='word_1_111' title='bbox 518 1589 602 1650; x_wconf 82' lang='lat' dir='ltr'><strong>hisce</strong></span> <span class='ocrx_word' id='word_1_112' title='bbox 616 1592 725 1651; x_wconf 90' lang='lat' dir='ltr'><strong>litteris</strong></span> <span class='ocrx_word' id='word_1_113' title='bbox 738 1593 823 1648; x_wconf 89' lang='lat' dir='ltr'><strong>nulla</strong></span> <span class='ocrx_word' id='word_1_114' title='bbox 837 1593 952 1649; x_wconf 87' lang='lat' dir='ltr'><strong>mentio</strong></span> <span class='ocrx_word' id='word_1_115' title='bbox 969 1588 1051 1670; x_wconf 89' lang='lat' dir='ltr'><strong>apud</strong></span> <span class='ocrx_word' id='word_1_116' title='bbox 1069 1601 1183 1651; x_wconf 84' lang='lat' dir='ltr'><strong>ceteros</strong></span> <span class='ocrx_word' id='word_1_117' title='bbox 1198 1590 1365 1650; x_wconf 84' lang='lat' dir='ltr'><strong>historicos.</strong></span> 
     </span>
    </p>

    <p class='ocr_par' dir='ltr' id='par_1_9' title="bbox 348 1675 1365 1757">
     <span class='ocr_line' id='line_1_15' title="bbox 348 1675 1365 1757; baseline -0.004 -19"><span class='ocrx_word' id='word_1_118' title='bbox 348 1678 422 1740; x_wconf 78' lang='lat'><strong>273.</strong></span> <span class='ocrx_word' id='word_1_119' title='bbox 463 1679 543 1735; x_wconf 89' lang='lat' dir='ltr'><strong>inter</strong></span> <span class='ocrx_word' id='word_1_120' title='bbox 569 1696 671 1735; x_wconf 88' lang='lat' dir='ltr'><strong>muros</strong></span> <span class='ocrx_word' id='word_1_121' title='bbox 697 1677 781 1735; x_wconf 82' lang='lat' dir='ltr'><strong>urhis</strong></span> <span class='ocrx_word' id='word_1_122' title='bbox 802 1677 860 1734; x_wconf 85' lang='lat' dir='ltr'><strong>fuit</strong></span> <span class='ocrx_word' id='word_1_123' title='bbox 884 1679 938 1757; x_wconf 91' lang='lat' dir='ltr'><strong>qui</strong></span> <span class='ocrx_word' id='word_1_124' title='bbox 958 1679 1063 1734; x_wconf 86' lang='lat' dir='ltr'><strong>Murus</strong></span> <span class='ocrx_word' id='word_1_125' title='bbox 1084 1679 1184 1736; x_wconf 79' lang='lat' dir='ltr'><strong>Novus</strong></span> <span class='ocrx_word' id='word_1_126' title='bbox 1207 1675 1365 1736; x_wconf 81' lang='lat' dir='ltr'><strong>diceretur.</strong></span> 
     </span>
    </p>

    <p class='ocr_par' dir='ltr' id='par_1_10' title="bbox 216 1757 1370 3018">
     <span class='ocr_line' id='line_1_16' title="bbox 263 1757 1364 1842; baseline 0 -22"><span class='ocrx_word' id='word_1_127' title='bbox 263 1757 396 1820; x_wconf 89' lang='lat' dir='ltr'><strong>eundem</strong></span> <span class='ocrx_word' id='word_1_128' title='bbox 416 1779 483 1819; x_wconf 85' lang='lat' dir='ltr'><strong>esse</strong></span> <span class='ocrx_word' id='word_1_129' title='bbox 505 1781 540 1819; x_wconf 90' lang='lat' dir='ltr'><strong>ac</strong></span> <span class='ocrx_word' id='word_1_130' title='bbox 562 1759 823 1835; x_wconf 70' lang='lat' dir='ltr'><strong>Theudoriam,</strong></span> <span class='ocrx_word' id='word_1_131' title='bbox 854 1765 907 1842; x_wconf 91' lang='lat' dir='ltr'><strong>qui</strong></span> <span class='ocrx_word' id='word_1_132' title='bbox 925 1758 1132 1820; x_wconf 88' lang='lat' dir='ltr'><strong>aTheodosio</strong></span> <span class='ocrx_word' id='word_1_133' title='bbox 1152 1765 1270 1820; x_wconf 89' lang='lat' dir='ltr'><strong>iuniore</strong></span> <span class='ocrx_word' id='word_1_134' title='bbox 1286 1781 1364 1820; x_wconf 91' lang='lat' dir='ltr'><strong>anno</strong></span> 
     </span>
     <span class='ocr_line' id='line_1_17' title="bbox 262 1842 1365 1926; baseline -0.004 -18"><span class='ocrx_word' id='word_1_135' title='bbox 262 1842 326 1908; x_wconf 74' lang='lat'><strong>418</strong></span> <span class='ocrx_word' id='word_1_136' title='bbox 341 1854 507 1904; x_wconf 86' lang='lat' dir='ltr'><strong>exstructus</strong></span> <span class='ocrx_word' id='word_1_137' title='bbox 521 1856 567 1904; x_wconf 88' lang='lat' dir='ltr'><strong>est</strong></span> <span class='ocrx_word' id='word_1_138' title='bbox 582 1857 613 1905; x_wconf 90' lang='lat' dir='ltr'><strong>et</strong></span> <span class='ocrx_word' id='word_1_139' title='bbox 624 1857 729 1926; x_wconf 89' lang='lat' dir='ltr'><strong>postea</strong></span> <span class='ocrx_word' id='word_1_140' title='bbox 740 1849 855 1926; x_wconf 89' lang='lat' dir='ltr'><strong>pluries</strong></span> <span class='ocrx_word' id='word_1_141' title='bbox 869 1849 1061 1921; x_wconf 86' lang='lat' dir='ltr'><strong>instauratus,</strong></span> <span class='ocrx_word' id='word_1_142' title='bbox 1077 1845 1181 1905; x_wconf 85' lang='lat' dir='ltr'><strong>suadet</strong></span> <span class='ocrx_word' id='word_1_143' title='bbox 1191 1845 1365 1906; x_wconf 82' lang='lat' dir='ltr'><strong>Chronicou</strong></span> 
     </span>
     <span class='ocr_line' id='line_1_18' title="bbox 259 1927 1365 2013; baseline 0 -23"><span class='ocrx_word' id='word_1_144' title='bbox 259 1927 409 1990; x_wconf 85' lang='lat' dir='ltr'><strong>Paschale</strong></span> <span class='ocrx_word' id='word_1_145' title='bbox 419 1951 456 2008; x_wconf 84' lang='lat' dir='ltr'><strong>p.</strong></span> <span class='ocrx_word' id='word_1_146' title='bbox 472 1934 535 1995; x_wconf 82' lang='lat'><strong>717</strong></span> <span class='ocrx_word' id='word_1_147' title='bbox 550 1950 676 1990; x_wconf 90' lang='lat' dir='ltr'><strong>narrans</strong></span> <span class='ocrx_word' id='word_1_148' title='bbox 699 1935 732 1990; x_wconf 89' lang='lat' dir='ltr'><strong>iu</strong></span> <span class='ocrx_word' id='word_1_149' title='bbox 753 1931 886 1990; x_wconf 83' lang='lat' dir='ltr'><strong>adventu</strong></span> <span class='ocrx_word' id='word_1_150' title='bbox 901 1929 1037 2011; x_wconf 81' lang='lat' dir='ltr'><strong>Ghagani</strong></span> <span class='ocrx_word' id='word_1_151' title='bbox 1057 1935 1168 2012; x_wconf 87' lang='lat' dir='ltr'><strong>equites</strong></span> <span class='ocrx_word' id='word_1_152' title='bbox 1183 1930 1365 2013; x_wconf 78' lang='lat' dir='ltr'><strong>peditesque</strong></span> 
     </span>
     <span class='ocr_line' id='line_1_19' title="bbox 263 2012 1366 2098; baseline 0.003 -22"><span class='ocrx_word' id='word_1_153' title='bbox 263 2013 355 2077; x_wconf 77' lang='grc' dir='ltr'><strong><em>ίιιίον</em></strong></span> <span class='ocrx_word' id='word_1_154' title='bbox 366 2014 510 2098; x_wconf 64' lang='lat' dir='ltr'><strong>periodus</strong></span> <span class='ocrx_word' id='word_1_155' title='bbox 523 2021 582 2079; x_wconf 79' lang='lat' dir='ltr'><strong>roei</strong></span> <span class='ocrx_word' id='word_1_156' title='bbox 591 2016 664 2079; x_wconf 80' lang='grc' dir='ltr'><strong><em>τίοο</em></strong></span> <span class='ocrx_word' id='word_1_157' title='bbox 679 2018 886 2081; x_wconf 69' lang='lat' dir='ltr'><strong>ecolesma</strong></span> <span class='ocrx_word' id='word_1_158' title='bbox 899 2018 1015 2097; x_wconf 81' lang='grc' dir='ltr'><strong><em>τείχους</em></strong></span> <span class='ocrx_word' id='word_1_159' title='bbox 1027 2021 1082 2081; x_wconf 82' lang='grc' dir='ltr'><strong>τοῦ</strong></span> <span class='ocrx_word' id='word_1_160' title='bbox 1095 2012 1203 2097; x_wconf 71' lang='grc' dir='ltr'><strong><em>ταύτης</em></strong></span> <span class='ocrx_word' id='word_1_161' title='bbox 1213 2022 1267 2098; x_wconf 77' lang='grc' dir='ltr'><strong>τῆς</strong></span> <span class='ocrx_word' id='word_1_162' title='bbox 1280 2019 1366 2098; x_wconf 76' lang='grc' dir='ltr'><strong><em>βασι·</em></strong></span> 
     </span>
     <span class='ocr_line' id='line_1_20' title="bbox 261 2093 1368 2182; baseline -0.001 -20"><span class='ocrx_word' id='word_1_163' title='bbox 261 2101 346 2173; x_wconf 55' lang='lat' dir='ltr'><strong>utor</strong></span> <span class='ocrx_word' id='word_1_164' title='bbox 357 2093 482 2173; x_wconf 73' lang='grc' dir='ltr'><strong>πόλεως.</strong></span> <span class='ocrx_word' id='word_1_165' title='bbox 524 2099 595 2160; x_wconf 84' lang='lat' dir='ltr'><strong>ride</strong></span> <span class='ocrx_word' id='word_1_166' title='bbox 607 2105 695 2182; x_wconf 90' lang='lat' dir='ltr'><strong>plura</strong></span> <span class='ocrx_word' id='word_1_167' title='bbox 709 2105 744 2160; x_wconf 82' lang='grc' dir='ltr'><strong>ιἰι</strong></span> <span class='ocrx_word' id='word_1_168' title='bbox 761 2103 849 2181; x_wconf 80' lang='lat' dir='ltr'><strong>Cpolr&#39;</strong></span> <span class='ocrx_word' id='word_1_169' title='bbox 864 2103 974 2162; x_wconf 65' lang='lat' dir='ltr'><strong>Christ.</strong></span> <span class='ocrx_word' id='word_1_170' title='bbox 989 2102 1042 2161; x_wconf 77' lang='lat' dir='ltr'><strong>lib.</strong></span> <span class='ocrx_word' id='word_1_171' title='bbox 1063 2108 1125 2181; x_wconf 81' lang='lat' dir='ltr'><strong>lp·</strong></span> <span class='ocrx_word' id='word_1_172' title='bbox 1141 2102 1194 2167; x_wconf 80' lang='lat'><strong>40.</strong></span> <span class='ocrx_word' id='word_1_173' title='bbox 1236 2100 1291 2163; x_wconf 90' lang='lat' dir='ltr'><strong>sed</strong></span> <span class='ocrx_word' id='word_1_174' title='bbox 1301 2104 1368 2162; x_wconf 89' lang='lat' dir='ltr'><strong>lor-</strong></span> 
     </span>
     <span class='ocr_line' id='line_1_21' title="bbox 260 2183 1369 2268; baseline 0.003 -25"><span class='ocrx_word' id='word_1_175' title='bbox 260 2203 317 2243; x_wconf 87' lang='lat' dir='ltr'><strong>sau</strong></span> <span class='ocrx_word' id='word_1_176' title='bbox 331 2183 407 2244; x_wconf 89' lang='lat' dir='ltr'><strong>haec</strong></span> <span class='ocrx_word' id='word_1_177' title='bbox 419 2187 550 2266; x_wconf 81' lang='lat' dir='ltr'><strong>intelligi</strong></span> <span class='ocrx_word' id='word_1_178' title='bbox 563 2199 691 2268; x_wconf 87' lang='lat' dir='ltr'><strong>possunt</strong></span> <span class='ocrx_word' id='word_1_179' title='bbox 703 2186 742 2246; x_wconf 91' lang='lat' dir='ltr'><strong>de</strong></span> <span class='ocrx_word' id='word_1_180' title='bbox 755 2207 844 2247; x_wconf 91' lang='lat' dir='ltr'><strong>muro</strong></span> <span class='ocrx_word' id='word_1_181' title='bbox 859 2189 896 2246; x_wconf 91' lang='lat' dir='ltr'><strong>ab</strong></span> <span class='ocrx_word' id='word_1_182' title='bbox 912 2189 1051 2248; x_wconf 84' lang='lat' dir='ltr'><strong>Heraclio</strong></span> <span class='ocrx_word' id='word_1_183' title='bbox 1066 2187 1106 2246; x_wconf 87' lang='lat' dir='ltr'><strong>ad</strong></span> <span class='ocrx_word' id='word_1_184' title='bbox 1119 2185 1303 2249; x_wconf 75' lang='lat' dir='ltr'><strong>Blachernai</strong></span> <span class='ocrx_word' id='word_1_185' title='bbox 1317 2191 1369 2246; x_wconf 90' lang='lat' dir='ltr'><strong>in-</strong></span> 
     </span>
     <span class='ocr_line' id='line_1_22' title="bbox 263 2273 1370 2354; baseline 0.003 -25"><span class='ocrx_word' id='word_1_186' title='bbox 263 2280 386 2346; x_wconf 88' lang='lat' dir='ltr'><strong>structo,</strong></span> <span class='ocrx_word' id='word_1_187' title='bbox 402 2283 435 2331; x_wconf 91' lang='lat' dir='ltr'><strong>ut</strong></span> <span class='ocrx_word' id='word_1_188' title='bbox 448 2283 550 2332; x_wconf 84' lang='lat' dir='ltr'><strong>contra</strong></span> <span class='ocrx_word' id='word_1_189' title='bbox 564 2275 705 2333; x_wconf 88' lang='lat' dir='ltr'><strong>barbaros</strong></span> <span class='ocrx_word' id='word_1_190' title='bbox 720 2284 799 2333; x_wconf 87' lang='lat' dir='ltr'><strong>esset</strong></span> <span class='ocrx_word' id='word_1_191' title='bbox 811 2275 918 2354; x_wconf 89' lang='lat' dir='ltr'><strong>templi</strong></span> <span class='ocrx_word' id='word_1_192' title='bbox 931 2276 1106 2332; x_wconf 82' lang='lat' dir='ltr'><strong>munimen:</strong></span> <span class='ocrx_word' id='word_1_193' title='bbox 1127 2293 1201 2332; x_wconf 89' lang='lat' dir='ltr'><strong>nam</strong></span> <span class='ocrx_word' id='word_1_194' title='bbox 1214 2277 1248 2333; x_wconf 87' lang='lat' dir='ltr'><strong>in</strong></span> <span class='ocrx_word' id='word_1_195' title='bbox 1262 2273 1370 2335; x_wconf 89' lang='lat' dir='ltr'><strong>eodem</strong></span> 
     </span>
     <span class='ocr_line' id='line_1_23' title="bbox 260 2353 1370 2442; baseline 0.009 -28"><span class='ocrx_word' id='word_1_196' title='bbox 260 2353 411 2416; x_wconf 78' lang='lat' dir='ltr'><strong>Chronico</strong></span> <span class='ocrx_word' id='word_1_197' title='bbox 432 2356 592 2416; x_wconf 86' lang='lat' dir='ltr'><strong>Paschali:</strong></span> <span class='ocrx_word' id='word_1_198' title='bbox 624 2362 670 2442; x_wconf 74' lang='lat' dir='ltr'><strong>spi</strong></span> <span class='ocrx_word' id='word_1_199' title='bbox 689 2356 716 2420; x_wconf 88' lang='grc' dir='ltr'><strong>ιί</strong></span> <span class='ocrx_word' id='word_1_200' title='bbox 738 2357 796 2422; x_wconf 73' lang='lat' dir='ltr'><strong>itas</strong></span> <span class='ocrx_word' id='word_1_201' title='bbox 817 2359 971 2440; x_wconf 74' lang='grc' dir='ltr'><strong><em>βασιλείας</em></strong></span> <span class='ocrx_word' id='word_1_202' title='bbox 992 2354 1169 2442; x_wconf 74' lang='grc' dir='ltr'><strong><em>Ἡρακλείου</em></strong></span> <span class='ocrx_word' id='word_1_203' title='bbox 1191 2361 1318 2441; x_wconf 72' lang='grc' dir='ltr'><strong><em>ἐκτίσθη</em></strong></span> <span class='ocrx_word' id='word_1_204' title='bbox 1337 2357 1370 2424; x_wconf 83' lang='grc' dir='ltr'><strong>τὸ</strong></span> 
     </span>
     <span class='ocr_line' id='line_1_24' title="bbox 262 2441 1368 2525; baseline 0.002 -24"><span class='ocrx_word' id='word_1_205' title='bbox 262 2447 359 2520; x_wconf 75' lang='grc' dir='ltr'><strong><em>τεῖχος</em></strong></span> <span class='ocrx_word' id='word_1_206' title='bbox 373 2441 490 2516; x_wconf 64' lang='lat' dir='ltr'><strong>linies·</strong></span> <span class='ocrx_word' id='word_1_207' title='bbox 500 2447 563 2506; x_wconf 76' lang='lat' dir='ltr'><strong>scio</strong></span> <span class='ocrx_word' id='word_1_208' title='bbox 574 2445 754 2525; x_wconf 64' lang='grc' dir='ltr'><strong>βίηεριοῖι.</strong></span> <span class='ocrx_word' id='word_1_209' title='bbox 798 2443 919 2508; x_wconf 65' lang='lat' dir='ltr'><strong>atleta</strong></span> <span class='ocrx_word' id='word_1_210' title='bbox 934 2445 1014 2524; x_wconf 78' lang='grc' dir='ltr'><strong><em>τείχη</em></strong></span> <span class='ocrx_word' id='word_1_211' title='bbox 1030 2463 1096 2504; x_wconf 78' lang='grc' dir='ltr'><strong><em>εσσε</em></strong></span> <span class='ocrx_word' id='word_1_212' title='bbox 1110 2446 1219 2524; x_wconf 89' lang='lat' dir='ltr'><strong>opinor</strong></span> <span class='ocrx_word' id='word_1_213' title='bbox 1234 2449 1276 2504; x_wconf 85' lang='lat' dir='ltr'><strong>ita</strong></span> <span class='ocrx_word' id='word_1_214' title='bbox 1289 2465 1368 2505; x_wconf 85' lang='lat' dir='ltr'><strong>nwe-</strong></span> 
     </span>
     <span class='ocr_line' id='line_1_25' title="bbox 260 2525 1366 2612; baseline 0.005 -28"><span class='ocrx_word' id='word_1_215' title='bbox 260 2527 315 2584; x_wconf 81' lang='grc' dir='ltr'><strong><em>ιιία</em></strong></span> <span class='ocrx_word' id='word_1_216' title='bbox 334 2529 452 2584; x_wconf 64' lang='lat' dir='ltr'><strong>munere</strong></span> <span class='ocrx_word' id='word_1_217' title='bbox 470 2537 506 2584; x_wconf 90' lang='lat' dir='ltr'><strong>ut</strong></span> <span class='ocrx_word' id='word_1_218' title='bbox 521 2525 680 2587; x_wconf 90' lang='lat' dir='ltr'><strong>hostilium</strong></span> <span class='ocrx_word' id='word_1_219' title='bbox 696 2537 915 2589; x_wconf 86' lang='lat' dir='ltr'><strong>tormentorum</strong></span> <span class='ocrx_word' id='word_1_220' title='bbox 932 2527 1202 2612; x_wconf 77' lang='lat' dir='ltr'><strong>machinarumque</strong></span> <span class='ocrx_word' id='word_1_221' title='bbox 1224 2534 1299 2592; x_wconf 85' lang='lat' dir='ltr'><strong>ictus</strong></span> <span class='ocrx_word' id='word_1_222' title='bbox 1314 2552 1366 2590; x_wconf 87' lang='lat' dir='ltr'><strong>re·</strong></span> 
     </span>
     <span class='ocr_line' id='line_1_26' title="bbox 259 2607 486 2689; baseline 0.013 -23"><span class='ocrx_word' id='word_1_223' title='bbox 259 2607 347 2666; x_wconf 89' lang='lat' dir='ltr'><strong>tundi</strong></span> <span class='ocrx_word' id='word_1_224' title='bbox 359 2613 486 2689; x_wconf 87' lang='lat' dir='ltr'><strong>possint.</strong></span> 
     </span>
     <span class='ocr_line' id='line_1_27' title="bbox 216 2697 1367 2779; baseline 0.001 -20"><span class='ocrx_word' id='word_1_225' title='bbox 216 2726 221 2739; x_wconf 92' lang='lat'><strong>·</strong></span> <span class='ocrx_word' id='word_1_226' title='bbox 347 2698 421 2761; x_wconf 78' lang='lat'><strong>278.</strong></span> <span class='ocrx_word' id='word_1_227' title='bbox 465 2697 622 2756; x_wconf 87' lang='lat' dir='ltr'><strong>Heraclius</strong></span> <span class='ocrx_word' id='word_1_228' title='bbox 642 2701 781 2779; x_wconf 84' lang='lat' dir='ltr'><strong>quamvis</strong></span> <span class='ocrx_word' id='word_1_229' title='bbox 802 2719 820 2758; x_wconf 93' lang='lat' dir='ltr'><strong>a</strong></span> <span class='ocrx_word' id='word_1_230' title='bbox 839 2711 934 2760; x_wconf 89' lang='lat' dir='ltr'><strong>matre</strong></span> <span class='ocrx_word' id='word_1_231' title='bbox 955 2711 985 2760; x_wconf 90' lang='lat' dir='ltr'><strong>et</strong></span> <span class='ocrx_word' id='word_1_232' title='bbox 1005 2701 1120 2761; x_wconf 75' lang='lat' dir='ltr'><strong>civibus</strong></span> <span class='ocrx_word' id='word_1_233' title='bbox 1136 2701 1267 2760; x_wconf 88' lang='lat' dir='ltr'><strong>multam</strong></span> <span class='ocrx_word' id='word_1_234' title='bbox 1281 2701 1367 2760; x_wconf 91' lang='lat' dir='ltr'><strong>solli-</strong></span> 
     </span>
     <span class='ocr_line' id='line_1_28' title="bbox 263 2779 1367 2868; baseline 0.008 -31"><span class='ocrx_word' id='word_1_235' title='bbox 263 2779 322 2838; x_wconf 87' lang='lat' dir='ltr'><strong>cite</strong></span> <span class='ocrx_word' id='word_1_236' title='bbox 334 2791 500 2856; x_wconf 80' lang='lat' dir='ltr'><strong>revocatus,</strong></span> <span class='ocrx_word' id='word_1_237' title='bbox 524 2793 559 2840; x_wconf 89' lang='lat' dir='ltr'><strong>nt</strong></span> <span class='ocrx_word' id='word_1_238' title='bbox 568 2783 652 2842; x_wconf 89' lang='lat' dir='ltr'><strong>urbis</strong></span> <span class='ocrx_word' id='word_1_239' title='bbox 663 2787 796 2864; x_wconf 86' lang='lat' dir='ltr'><strong>periculo</strong></span> <span class='ocrx_word' id='word_1_240' title='bbox 812 2797 1007 2863; x_wconf 87' lang='lat' dir='ltr'><strong>succurreret,</strong></span> <span class='ocrx_word' id='word_1_241' title='bbox 1019 2787 1118 2845; x_wconf 87' lang='lat' dir='ltr'><strong>uoluit</strong></span> <span class='ocrx_word' id='word_1_242' title='bbox 1130 2807 1147 2845; x_wconf 90' lang='lat' dir='ltr'><strong>e</strong></span> <span class='ocrx_word' id='word_1_243' title='bbox 1159 2784 1282 2846; x_wconf 75' lang='lat' dir='ltr'><strong>Perside</strong></span> <span class='ocrx_word' id='word_1_244' title='bbox 1297 2808 1367 2868; x_wconf 89' lang='lat' dir='ltr'><strong>pro-</strong></span> 
     </span>
     <span class='ocr_line' id='line_1_29' title="bbox 262 2865 1370 2942; baseline 0.009 -20"><span class='ocrx_word' id='word_1_245' title='bbox 262 2865 372 2942; x_wconf 82' lang='lat' dir='ltr'><strong>ficisci,</strong></span> <span class='ocrx_word' id='word_1_246' title='bbox 401 2886 441 2926; x_wconf 91' lang='lat' dir='ltr'><strong>ne</strong></span> <span class='ocrx_word' id='word_1_247' title='bbox 455 2865 588 2928; x_wconf 80' lang='lat' dir='ltr'><strong>chosroe</strong></span> <span class='ocrx_word' id='word_1_248' title='bbox 605 2873 685 2930; x_wconf 87' lang='lat' dir='ltr'><strong>vires</strong></span> <span class='ocrx_word' id='word_1_249' title='bbox 699 2883 874 2931; x_wconf 85' lang='lat' dir='ltr'><strong>resumeret.</strong></span> <span class='ocrx_word' id='word_1_250' title='bbox 917 2870 1169 2931; x_wconf 87' lang='lat' dir='ltr'><strong>idemconfirmat</strong></span> <span class='ocrx_word' id='word_1_251' title='bbox 1180 2871 1285 2932; x_wconf 88' lang='lat' dir='ltr'><strong>Pisida</strong></span> <span class='ocrx_word' id='word_1_252' title='bbox 1301 2875 1370 2932; x_wconf 81' lang='lat' dir='ltr'><strong>Hc·</strong></span> 
     </span>
     <span class='ocr_line' id='line_1_30' title="bbox 260 2951 524 3018; baseline 0.015 -10"><span class='ocrx_word' id='word_1_253' title='bbox 260 2951 390 3010; x_wconf 67' lang='lat' dir='ltr'><strong>raama.</strong></span> <span class='ocrx_word' id='word_1_254' title='bbox 409 2957 425 3015; x_wconf 97' lang='grc'><strong>1</strong></span> <span class='ocrx_word' id='word_1_255' title='bbox 451 2953 524 3018; x_wconf 84' lang='grc'><strong>165.</strong></span> 
     </span>
    </p>

    <p class='ocr_par' dir='ltr' id='par_1_11' title="bbox 262 3036 1370 3268">
     <span class='ocr_line' id='line_1_31' title="bbox 345 3036 1370 3122; baseline 0.008 -26"><span class='ocrx_word' id='word_1_256' title='bbox 345 3041 420 3103; x_wconf 78' lang='lat'><strong>280.</strong></span> <span class='ocrx_word' id='word_1_257' title='bbox 462 3057 504 3097; x_wconf 85' lang='lat' dir='ltr'><strong>ex</strong></span> <span class='ocrx_word' id='word_1_258' title='bbox 517 3036 817 3100; x_wconf 76' lang='lat' dir='ltr'><strong>Chronico&#39;Peschali</strong></span> <span class='ocrx_word' id='word_1_259' title='bbox 828 3041 999 3122; x_wconf 73' lang='lat' dir='ltr'><strong>colligimus</strong></span> <span class='ocrx_word' id='word_1_260' title='bbox 1013 3041 1052 3102; x_wconf 88' lang='lat' dir='ltr'><strong>ad</strong></span> <span class='ocrx_word' id='word_1_261' title='bbox 1064 3045 1147 3105; x_wconf 87' lang='lat' dir='ltr'><strong>urhis</strong></span> <span class='ocrx_word' id='word_1_262' title='bbox 1160 3042 1370 3104; x_wconf 82' lang='lat' dir='ltr'><strong>defensionem</strong></span> 
     </span>
     <span class='ocr_line' id='line_1_32' title="bbox 263 3123 1369 3212; baseline 0.011 -33"><span class='ocrx_word' id='word_1_263' title='bbox 263 3133 380 3200; x_wconf 88' lang='lat' dir='ltr'><strong>reperta</strong></span> <span class='ocrx_word' id='word_1_264' title='bbox 395 3123 505 3197; x_wconf 85' lang='lat' dir='ltr'><strong>fuisse,</strong></span> <span class='ocrx_word' id='word_1_265' title='bbox 528 3144 598 3184; x_wconf 90' lang='lat' dir='ltr'><strong>cum</strong></span> <span class='ocrx_word' id='word_1_266' title='bbox 614 3125 774 3207; x_wconf 75' lang='lat' dir='ltr'><strong>chaganus</strong></span> <span class='ocrx_word' id='word_1_267' title='bbox 789 3125 827 3185; x_wconf 89' lang='lat' dir='ltr'><strong>de</strong></span> <span class='ocrx_word' id='word_1_268' title='bbox 841 3147 876 3185; x_wconf 88' lang='lat' dir='ltr'><strong>ea</strong></span> <span class='ocrx_word' id='word_1_269' title='bbox 887 3125 1034 3187; x_wconf 83' lang='lat' dir='ltr'><strong>vastanda</strong></span> <span class='ocrx_word' id='word_1_270' title='bbox 1048 3133 1205 3211; x_wconf 81' lang='lat' dir='ltr'><strong>cogitaret,</strong></span> <span class='ocrx_word' id='word_1_271' title='bbox 1226 3132 1369 3212; x_wconf 86' lang='lat' dir='ltr'><strong>equitum</strong></span> 
     </span>
     <span class='ocr_line' id='line_1_33' title="bbox 262 3203 543 3268; baseline 0.021 -6"><span class='ocrx_word' id='word_1_272' title='bbox 262 3203 423 3266; x_wconf 89' lang='lat' dir='ltr'><strong>duodecim</strong></span> <span class='ocrx_word' id='word_1_273' title='bbox 435 3210 543 3268; x_wconf 91' lang='lat' dir='ltr'><strong>millia.</strong></span> 
     </span>
    </p>

    <p class='ocr_par' dir='ltr' id='par_1_12' title="bbox 259 3289 1371 3466">
     <span class='ocr_line' id='line_1_34' title="bbox 348 3289 1371 3383; baseline 0 -23"><span class='ocrx_word' id='word_1_274' title='bbox 348 3296 422 3360; x_wconf 82' lang='lat'><strong>281.</strong></span> <span class='ocrx_word' id='word_1_275' title='bbox 464 3289 533 3356; x_wconf 74' lang='grc' dir='ltr'><strong><em>κατ’</em></strong></span> <span class='ocrx_word' id='word_1_276' title='bbox 556 3289 661 3361; x_wconf 74' lang='lat' dir='ltr'><strong>adreio</strong></span> <span class='ocrx_word' id='word_1_277' title='bbox 683 3309 756 3378; x_wconf 91' lang='lat' dir='ltr'><strong>puto</strong></span> <span class='ocrx_word' id='word_1_278' title='bbox 781 3297 896 3358; x_wconf 85' lang='lat' dir='ltr'><strong>dictum</strong></span> <span class='ocrx_word' id='word_1_279' title='bbox 913 3319 967 3379; x_wconf 88' lang='lat' dir='ltr'><strong>pro</strong></span> <span class='ocrx_word' id='word_1_280' title='bbox 989 3295 1058 3364; x_wconf 77' lang='grc' dir='ltr'><strong><em>κατ’</em></strong></span> <span class='ocrx_word' id='word_1_281' title='bbox 1078 3294 1190 3375; x_wconf 63' lang='grc' dir='ltr'><strong><em>αὐτοῦ,</em></strong></span> <span class='ocrx_word' id='word_1_282' title='bbox 1217 3311 1252 3360; x_wconf 92' lang='lat' dir='ltr'><strong>ut</strong></span> <span class='ocrx_word' id='word_1_283' title='bbox 1277 3321 1371 3383; x_wconf 86' lang='lat' dir='ltr'><strong>saepe</strong></span> 
     </span>
     <span class='ocr_line' id='line_1_35' title="bbox 259 3371 1037 3466; baseline 0.009 -28"><span class='ocrx_word' id='word_1_284' title='bbox 259 3371 343 3458; x_wconf 76' lang='grc' dir='ltr'><strong><em>ιίμιὶς</em></strong></span> <span class='ocrx_word' id='word_1_285' title='bbox 357 3397 412 3456; x_wconf 92' lang='lat' dir='ltr'><strong>pro</strong></span> <span class='ocrx_word' id='word_1_286' title='bbox 425 3374 475 3454; x_wconf 87' lang='grc' dir='ltr'><strong>σί,</strong></span> <span class='ocrx_word' id='word_1_287' title='bbox 496 3399 567 3438; x_wconf 88' lang='lat' dir='ltr'><strong>cum</strong></span> <span class='ocrx_word' id='word_1_288' title='bbox 576 3380 680 3442; x_wconf 86' lang='lat' dir='ltr'><strong>Pisida</strong></span> <span class='ocrx_word' id='word_1_289' title='bbox 690 3385 825 3466; x_wconf 87' lang='lat' dir='ltr'><strong>loquitur</strong></span> <span class='ocrx_word' id='word_1_290' title='bbox 839 3384 877 3444; x_wconf 90' lang='lat' dir='ltr'><strong>de</strong></span> <span class='ocrx_word' id='word_1_291' title='bbox 888 3387 1037 3446; x_wconf 89' lang='lat' dir='ltr'><strong>Heraclio.</strong></span> 
     </span>
    </p>

    <p class='ocr_par' dir='ltr' id='par_1_13' title="bbox 260 3461 1383 3616">
     <span class='ocr_line' id='line_1_36' title="bbox 345 3461 1372 3554; baseline 0.005 -27"><span class='ocrx_word' id='word_1_292' title='bbox 345 3461 420 3527; x_wconf 73' lang='lat'><strong>295.</strong></span> <span class='ocrx_word' id='word_1_293' title='bbox 463 3478 628 3526; x_wconf 85' lang='lat' dir='ltr'><strong>consonant</strong></span> <span class='ocrx_word' id='word_1_294' title='bbox 645 3465 722 3528; x_wconf 83' lang='lat' dir='ltr'><strong>haec</strong></span> <span class='ocrx_word' id='word_1_295' title='bbox 745 3489 815 3529; x_wconf 89' lang='lat' dir='ltr'><strong>cum</strong></span> <span class='ocrx_word' id='word_1_296' title='bbox 834 3473 872 3531; x_wconf 90' lang='lat' dir='ltr'><strong>iis</strong></span> <span class='ocrx_word' id='word_1_297' title='bbox 891 3491 968 3554; x_wconf 90' lang='lat' dir='ltr'><strong>quae</strong></span> <span class='ocrx_word' id='word_1_298' title='bbox 986 3473 1129 3552; x_wconf 85' lang='lat' dir='ltr'><strong>leguntur</strong></span> <span class='ocrx_word' id='word_1_299' title='bbox 1146 3475 1179 3531; x_wconf 92' lang='lat' dir='ltr'><strong>in</strong></span> <span class='ocrx_word' id='word_1_300' title='bbox 1196 3474 1372 3533; x_wconf 73' lang='lat' dir='ltr'><strong>narratione</strong></span> 
     </span>
     <span class='ocr_line' id='line_1_37' title="bbox 260 3543 1383 3616; baseline 0.008 -13"><span class='ocrx_word' id='word_1_301' title='bbox 260 3543 299 3604; x_wconf 86' lang='lat' dir='ltr'><strong>dc</strong></span> <span class='ocrx_word' id='word_1_302' title='bbox 313 3545 395 3608; x_wconf 89' lang='lat' dir='ltr'><strong>hello</strong></span> <span class='ocrx_word' id='word_1_303' title='bbox 407 3549 536 3610; x_wconf 79' lang='lat' dir='ltr'><strong>Aharico</strong></span> <span class='ocrx_word' id='word_1_304' title='bbox 551 3550 632 3612; x_wconf 89' lang='lat' dir='ltr'><strong>edito</strong></span> <span class='ocrx_word' id='word_1_305' title='bbox 650 3556 871 3616; x_wconf 82' lang='lat' dir='ltr'><strong>aCombefisio.</strong></span> <span class='ocrx_word' id='word_1_306' title='bbox 1380 3607 1383 3612; x_wconf 88' lang='lat'><strong>.</strong></span> 
     </span>
    </p>

    <p class='ocr_par' dir='ltr' id='par_1_14' title="bbox 344 3633 1372 3724">
     <span class='ocr_line' id='line_1_38' title="bbox 344 3633 1372 3724; baseline 0.013 -27"><span class='ocrx_word' id='word_1_307' title='bbox 344 3636 419 3697; x_wconf 73' lang='lat'><strong>298.</strong></span> <span class='ocrx_word' id='word_1_308' title='bbox 463 3633 560 3695; x_wconf 86' lang='lat' dir='ltr'><strong>codex</strong></span> <span class='ocrx_word' id='word_1_309' title='bbox 571 3636 663 3698; x_wconf 89' lang='lat' dir='ltr'><strong>habet</strong></span> <span class='ocrx_word' id='word_1_310' title='bbox 677 3636 832 3704; x_wconf 75' lang='grc' dir='ltr'><strong><em>τοσούτων</em></strong></span> <span class='ocrx_word' id='word_1_311' title='bbox 837 3687 847 3720; x_wconf 86' lang='grc'><em>,</em></span> <span class='ocrx_word' id='word_1_312' title='bbox 869 3641 925 3702; x_wconf 87' lang='lat' dir='ltr'><strong>sed</strong></span> <span class='ocrx_word' id='word_1_313' title='bbox 940 3663 1031 3724; x_wconf 91' lang='lat' dir='ltr'><strong>super</strong></span> <span class='ocrx_word' id='word_1_314' title='bbox 1049 3667 1073 3706; x_wconf 83' lang='grc' dir='ltr'><strong><em>ο</em></strong></span> <span class='ocrx_word' id='word_1_315' title='bbox 1089 3645 1264 3724; x_wconf 87' lang='lat' dir='ltr'><strong>appositum</strong></span> <span class='ocrx_word' id='word_1_316' title='bbox 1278 3655 1324 3704; x_wconf 88' lang='lat' dir='ltr'><strong>est</strong></span> <span class='ocrx_word' id='word_1_317' title='bbox 1341 3667 1372 3710; x_wconf 93' lang='lat' dir='ltr'><strong>o.</strong></span> 
     </span>
    </p>

    <p class='ocr_par' dir='ltr' id='par_1_15' title="bbox 259 3720 1372 3890">
     <span class='ocr_line' id='line_1_39' title="bbox 343 3720 1372 3808; baseline 0.006 -24"><span class='ocrx_word' id='word_1_318' title='bbox 343 3720 417 3784; x_wconf 92' lang='grc'><strong>801.</strong></span> <span class='ocrx_word' id='word_1_319' title='bbox 460 3721 604 3782; x_wconf 87' lang='lat' dir='ltr'><strong>mandata</strong></span> <span class='ocrx_word' id='word_1_320' title='bbox 616 3735 681 3783; x_wconf 88' lang='lat' dir='ltr'><strong>tam</strong></span> <span class='ocrx_word' id='word_1_321' title='bbox 694 3726 827 3787; x_wconf 87' lang='lat' dir='ltr'><strong>studiose</strong></span> <span class='ocrx_word' id='word_1_322' title='bbox 842 3727 1053 3808; x_wconf 89' lang='lat' dir='ltr'><strong>perficiebant,</strong></span> <span class='ocrx_word' id='word_1_323' title='bbox 1081 3741 1116 3788; x_wconf 90' lang='lat' dir='ltr'><strong>ut</strong></span> <span class='ocrx_word' id='word_1_324' title='bbox 1132 3732 1292 3790; x_wconf 81' lang='lat' dir='ltr'><strong>exsecutio</strong></span> <span class='ocrx_word' id='word_1_325' title='bbox 1310 3733 1372 3789; x_wconf 89' lang='lat' dir='ltr'><strong>im-</strong></span> 
     </span>
     <span class='ocr_line' id='line_1_40' title="bbox 259 3802 804 3890; baseline 0.018 -29"><span class='ocrx_word' id='word_1_326' title='bbox 259 3806 371 3883; x_wconf 88' lang='lat' dir='ltr'><strong>peratis</strong></span> <span class='ocrx_word' id='word_1_327' title='bbox 385 3802 426 3864; x_wconf 92' lang='lat' dir='ltr'><strong>ad</strong></span> <span class='ocrx_word' id='word_1_328' title='bbox 442 3811 588 3867; x_wconf 78' lang='lat' dir='ltr'><strong>amussim</strong></span> <span class='ocrx_word' id='word_1_329' title='bbox 599 3811 804 3890; x_wconf 87' lang='lat' dir='ltr'><strong>responderet.</strong></span> 
     </span>
    </p>

    <p class='ocr_par' dir='ltr' id='par_1_16' title="bbox 259 3891 1370 4036">
     <span class='ocr_line' id='line_1_41' title="bbox 345 3891 1370 3978; baseline 0.003 -24"><span class='ocrx_word' id='word_1_330' title='bbox 345 3892 419 3955; x_wconf 82' lang='grc'><strong>808.</strong></span> <span class='ocrx_word' id='word_1_331' title='bbox 461 3891 495 3950; x_wconf 89' lang='lat' dir='ltr'><strong>id</strong></span> <span class='ocrx_word' id='word_1_332' title='bbox 513 3898 662 3974; x_wconf 87' lang='lat' dir='ltr'><strong>praestitit</strong></span> <span class='ocrx_word' id='word_1_333' title='bbox 680 3899 713 3955; x_wconf 89' lang='lat' dir='ltr'><strong>iu</strong></span> <span class='ocrx_word' id='word_1_334' title='bbox 733 3899 894 3978; x_wconf 89' lang='lat' dir='ltr'><strong>poematiis</strong></span> <span class='ocrx_word' id='word_1_335' title='bbox 916 3899 954 3958; x_wconf 83' lang='lat' dir='ltr'><strong>dc</strong></span> <span class='ocrx_word' id='word_1_336' title='bbox 974 3899 1091 3978; x_wconf 80' lang='lat' dir='ltr'><strong>Exped.</strong></span> <span class='ocrx_word' id='word_1_337' title='bbox 1114 3899 1260 3959; x_wconf 82' lang='lat' dir='ltr'><strong>Heraclii</strong></span> <span class='ocrx_word' id='word_1_338' title='bbox 1284 3910 1314 3957; x_wconf 83' lang='lat' dir='ltr'><strong>et</strong></span> <span class='ocrx_word' id='word_1_339' title='bbox 1336 3901 1370 3957; x_wconf 83' lang='grc' dir='ltr'><strong>ιἰι</strong></span> 
     </span>
     <span class='ocr_line' id='line_1_42' title="bbox 259 3975 455 4036; baseline 0.02 -4"><span class='ocrx_word' id='word_1_340' title='bbox 259 3975 455 4036; x_wconf 58' lang='lat' dir='ltr'><strong>Heracliam.</strong></span> 
     </span>
    </p>

    <p class='ocr_par' dir='ltr' id='par_1_17' title="bbox 321 4059 1368 4151">
     <span class='ocr_line' id='line_1_43' title="bbox 321 4059 1368 4151; baseline 0.006 -29"><span class='ocrx_word' id='word_1_341' title='bbox 321 4101 328 4112; x_wconf 85' lang='lat'><strong>·</strong></span> <span class='ocrx_word' id='word_1_342' title='bbox 344 4063 418 4124; x_wconf 81' lang='lat'><strong>313.</strong></span> <span class='ocrx_word' id='word_1_343' title='bbox 461 4059 610 4144; x_wconf 69' lang='grc' dir='ltr'><strong><em>ἄρχοντας</em></strong></span> <span class='ocrx_word' id='word_1_344' title='bbox 626 4060 800 4148; x_wconf 76' lang='grc' dir='ltr'><strong><em>α’τιητίοος,</em></strong></span> <span class='ocrx_word' id='word_1_345' title='bbox 828 4067 935 4148; x_wconf 83' lang='lat' dir='ltr'><strong>Sergio</strong></span> <span class='ocrx_word' id='word_1_346' title='bbox 952 4069 1102 4130; x_wconf 86' lang='lat' dir='ltr'><strong>subiectos</strong></span> <span class='ocrx_word' id='word_1_347' title='bbox 1118 4071 1245 4151; x_wconf 89' lang='lat' dir='ltr'><strong>eiusque</strong></span> <span class='ocrx_word' id='word_1_348' title='bbox 1258 4087 1368 4150; x_wconf 89' lang='lat' dir='ltr'><strong>paren-</strong></span> 
     </span>
    </p>
   </div>
   <div class='ocr_carea' id='block_1_6' title="bbox 260 4138 1372 4236">
    <p class='ocr_par' dir='ltr' id='par_1_18' title="bbox 260 4138 1372 4236">
     <span class='ocr_line' id='line_1_44' title="bbox 260 4138 1372 4236; baseline 0.022 -41"><span class='ocrx_word' id='word_1_349' title='bbox 260 4149 307 4196; x_wconf 85' lang='lat' dir='ltr'><strong>tes</strong></span> <span class='ocrx_word' id='word_1_350' title='bbox 319 4138 407 4218; x_wconf 89' lang='lat' dir='ltr'><strong>dicto,</strong></span> <span class='ocrx_word' id='word_1_351' title='bbox 426 4151 561 4227; x_wconf 88' lang='lat' dir='ltr'><strong>appellat</strong></span> <span class='ocrx_word' id='word_1_352' title='bbox 573 4151 719 4211; x_wconf 87' lang='lat' dir='ltr'><strong>militares</strong></span> <span class='ocrx_word' id='word_1_353' title='bbox 733 4151 834 4229; x_wconf 90' lang='lat' dir='ltr'><strong>duces,</strong></span> <span class='ocrx_word' id='word_1_354' title='bbox 845 4165 1003 4235; x_wconf 78' lang='lat' dir='ltr'><strong>propterea</strong></span> <span class='ocrx_word' id='word_1_355' title='bbox 1017 4153 1100 4236; x_wconf 84' lang='lat' dir='ltr'><strong>quod</strong></span> <span class='ocrx_word' id='word_1_356' title='bbox 1111 4157 1212 4234; x_wconf 88' lang='lat' dir='ltr'><strong>ipsum</strong></span> <span class='ocrx_word' id='word_1_357' title='bbox 1226 4155 1372 4236; x_wconf 74' lang='lat' dir='ltr'><strong>sergium</strong></span> 
     </span>
    </p>
   </div>
   <div class='ocr_carea' id='block_1_7' title="bbox 260 4223 1496 4372">
    <p class='ocr_par' dir='ltr' id='par_1_19' title="bbox 260 4223 1496 4372">
     <span class='ocr_line' id='line_1_45' title="bbox 260 4223 1496 4370; baseline 0.006 -80"><span class='ocrx_word' id='word_1_358' title='bbox 260 4223 373 4364; x_wconf 45' lang='lat' dir='ltr'><strong>Etiam</strong></span> <span class='ocrx_word' id='word_1_359' title='bbox 388 4230 467 4370; x_wconf 55' lang='lat' dir='ltr'><strong>{pppis</strong></span> <span class='ocrx_word' id='word_1_360' title='bbox 479 4253 586 4295; x_wconf 91' lang='lat' dir='ltr'><strong>omnes</strong></span> <span class='ocrx_word' id='word_1_361' title='bbox 599 4239 749 4315; x_wconf 86' lang='lat' dir='ltr'><strong>tenuisse,</strong></span> <span class='ocrx_word' id='word_1_362' title='bbox 776 4249 922 4322; x_wconf 86' lang='lat' dir='ltr'><strong>tanquam</strong></span> <span class='ocrx_word' id='word_1_363' title='bbox 938 4261 1043 4300; x_wconf 86' lang='lat' dir='ltr'><strong>veram</strong></span> <span class='ocrx_word' id='word_1_364' title='bbox 1055 4241 1128 4300; x_wconf 86' lang='lat' dir='ltr'><strong>belli</strong></span> <span class='ocrx_word' id='word_1_365' title='bbox 1142 4243 1373 4320; x_wconf 85' lang='lat' dir='ltr'><strong>imperatorem,</strong></span> <span class='ocrx_word' id='word_1_366' title='bbox 1495 4279 1496 4290; x_wconf 57' lang='lat'><strong>.</strong></span> 
     </span>
     <span class='ocr_line' id='line_1_46' title="bbox 284 4324 456 4372; baseline 0.023 -10"><span class='ocrx_word' id='word_1_367' title='bbox 284 4324 301 4362; x_wconf 87' lang='lat' dir='ltr'><strong>c</strong></span> <span class='ocrx_word' id='word_1_368' title='bbox 334 4325 389 4366; x_wconf 90' lang='lat' dir='ltr'><strong>ons</strong></span> <span class='ocrx_word' id='word_1_369' title='bbox 446 4353 456 4372; x_wconf 86' lang='lat'><strong>.</strong></span> 
     </span>
    </p>
   </div>
   <div class='ocr_carea' id='block_1_8' title="bbox 0 0 1523 4817">
    <p class='ocr_par' dir='ltr' id='par_1_20' title="bbox 0 0 1523 4817">
     <span class='ocr_line' id='line_1_47' title="bbox 0 0 1523 4817; baseline 0 0"><span class='ocrx_word' id='word_1_370' title='bbox 0 0 1523 4817; x_wconf 95' lang='lat' dir='ltr'><strong> </strong></span> 
     </span>
    </p>
   </div>
  </div>
 </body>
</html>
