3017 4817
451 302 704 372 DESCRIPTIO
728 304 763 373 S.
787 302 977 373 sotnntu
1214 304 1264 378 91

158 473 321 545 ιαέειιειιις
343 468 426 530 unde
445 464 532 533 α’ωτδ
550 472 600 530 vel
618 464 702 534 siocd
715 469 795 531 diota
809 482 879 531 sunt
893 468 1043 532 eiusmodi
1058 469 1208 547 aedificia,
1229 482 1266 531 nt

158 558 236 619 illud
252 556 337 638 quod
354 550 461 621 αάιόν
475 558 607 637 appellat
624 559 703 616 Ioles
718 578 748 637 p.
767 561 845 633 172,
865 578 922 617 seu
937 555 1049 631 ἄατον,
1070 561 1116 616 uti
1132 558 1266 637 praefert

159 644 249 703 editio
270 646 386 720 Regia,
410 652 440 701 et
455 645 488 700 in
506 644 618 722 palatio
632 646 785 703 exstitisse
795 654 915 719 narrat3
937 642 1107 724 quod-illud
1121 641 1204 701 idem
1218 653 1265 702 est

159 728 240 811 qnod
258 740 346 787 antea
361 724 500 791 θολωτδν
515 738 545 785 et
557 732 703 808 apaullon
714 728 873 789 vocabant.
917 748 986 787 cnm
1004 731 1098 807 igitur
1117 726 1265 808 sphaerae

158 816 292 895 speciem
317 811 540 893 quodammodo
562 811 735 889 exhiberet,
756 811 828 873 ideo
848 816 981 892 σφαίρας
999 817 1123 873 nomine
1138 812 1266 872 donatur

158 903 320 959 aZonara
340 916 401 961 uon
425 900 535 973 semel,
558 909 589 958 et
613 900 699 958 aliis:
720 918 792 958 nam
818 911 849 958 et
870 901 993 959 nullam
1009 902 1105 959 instar
1118 897 1266 981 sphaeras

156 984 315 1066 ubique
291 987 406 1045 sinuati
422 983 500 1043 dixit
517 985 706 1044 silentiarius
722 1005 751 1044 r.
768 980 829 1049 74.

326 1068 474 1172 έγρομένη
489 1062 519 1133 δ’
534 1064 711 1148 έφέπερθιν
726 1070 757 1143 ές
770 1064 901 1132 oniam
910 1062 987 1150 η’έρα
1001 1064 1102 1151 πήιηξ

325 1151 460 1217 πένιοθι
476 1152 532 1261 μέν
549 1154 720 1259 σφαιρηδὸν
736 1154 898 1231 έέέσσεναι,
921 1151 973 1219 olo
989 1153 1023 1219 δδ
1038 1150 1171 1240 φαιδρδς

326 1233 457 1320 ον’ρανδς
470 1233 661 1321 inualidique
676 1234 770 1321 δόμον
782 1238 902 1313 σκέπας.

157 1334 250 1405 atque
272 1320 349 1382 haec
368 1324 494 1406 quidem
514 1324 634 1385 testudo
656 1328 698 1385 ite
720 1328 828 1405 parieti
843 1327 931 1385 tereti
944 1327 1125 1405 imponitur,
1140 1334 1267 1404 ntpro·

156 1420 225 1491 ptet
245 1410 331 1469 illius
349 1413 528 1469 tenuitatem
545 1430 606 1469 non
619 1411 746 1471 firmae·
737 1413 828 1469 mniti
842 1411 974 1470 fabricae
987 1410 1042 1470 sed
1055 1429 1145 1471 aurea
1159 1421 1266 1469 catena

158 1496 196 1554 de
219 1496 305 1555 caelo
322 1494 454 1575 pendere
471 1494 619 1555 videatur.
661 1499 843 1576 Procopius:
864 1490 975 1559 codron
997 1493 1030 1558 δέ
1049 1519 1105 1559 τον
1093 1499 1266 1559 κυκλοτε-

156 1584 234 1685 ραιῖς
265 1580 464 1680 παμμεγέθης
492 1580 712 1689 έιιανεστηιιυῖα
736 1606 782 1657 τις
806 1576 1004 1687 σφαιροειδης
1020 1576 1116 1654 δόλος
1135 1587 1266 1643 ποιεῖται

156 1659 233 1729 oded
250 1662 458 1743 διαφερόντως
474 1662 682 1747 εὐπρόσωπον.
726 1668 813 1731 δοκεῖ
823 1661 911 1730 δέ’
871 1690 930 1731 ovs
944 1667 994 1731 έπδ
1007 1671 1132 1747 στερρᾶς
1147 1670 1202 1743 τῆς
1217 1666 1266 1728 ol-

153 1752 307 1829 ποδομέας
320 1747 371 1812 διδ
385 1774 419 1815 το
408 1748 614 1832 παρειμένον
629 1748 768 1829 έσιιῖναι,
790 1746 920 1815 cilici
878 1776 917 1837 τη
933 1756 1030 1837 χρυσῇ
1046 1754 1132 1836 σειρᾷ
1147 1774 1184 1836 ιη
1172 1744 1264 1814 det

154 1840 212 1900 soei
242 1830 381 1915 ον’ρανοῦ
406 1836 574 1917 ἐξημμένον
600 1798 768 1900 παιδπιιιέ
789 1834 844 1901 ede
862 1842 974 1919 χοῖρον.
1024 1813 1132 1896 eadem
1151 1856 1265 1916 prope-

153 1920 285 1980 modum
305 1919 395 1979 hehet
414 1920 452 1979 de
474 1920 696 2003 hemisphaerio
714 1921 799 1982 aedis
814 1923 869 1983 SS.
884 1924 1088 2003 apostolorum
1104 1920 1142 1980 de
1159 1920 1262 1981 Aedis.

156 2005 232 2069 14
275 2008 309 2063 in
329 2010 470 2067 interiore
493 2005 571 2066 tholi
592 2028 662 2083 seu,
683 2018 718 2066 ut
734 2019 857 2083 vocant,
879 2010 987 2067 trullae
1001 2018 1103 2066 centro
1117 2018 1264 2067 actestn-

156 2011 230 2149 dine
243 2094 427 2151 Iustinianus
441 2112 531 2172 opere
544 2097 662 2152 musivo
677 2092 830 2152 Christum
842 2095 875 2150 in
888 2092 968 2151 Iride
979 2090 1144 2168 sedentem,
1158 2094 1263 2153 orbem
1279 2091 1302 2147 P
1319 2089 1373 2149 tto
1489 2097 1490 2172 f

156 2175 317 2237 indicentis
335 2178 445 2255 effigie,
468 2176 596 2237 describi
609 2180 732 2253 curavit,
754 2188 789 2236 ut
806 2172 955 2240 αὐτόπται
970 2189 1131 2250 testantur3
1155 2198 1266 2259 quem·-
1489 2179 1490 2182 ’

158 2259 324 2321 admodum
336 2263 368 2320 in
383 2266 485 2321 Norae
500 2264 643 2322 ecclesiae
658 2282 676 2321 a
690 2282 723 2322 ae
736 2264 769 2319 in
782 2262 895 2341 poietin
910 2265 1057 2321 excitatae
1073 2261 1152 2322 tholi
1167 2272 1265 2322 testu-

158 2344 232 2407 dine
254 2344 366 2405 Christi
391 2358 421 2405 et
447 2350 626 2427 angelorum
647 2350 676 2406 ei
698 2346 974 2406 administrantium
996 2346 1112 2427 effigies
1132 2349 1264 2408 Basilius

155 2431 300 2507 Macedo,
322 2443 356 2491 ut
370 2442 472 2491 auctor
488 2444 534 2493 est
544 2432 670 2493 Photius
684 2435 718 2490 in
731 2434 815 2491 illius
829 2431 1038 2512 descriptione.
1080 2435 1113 2490 in
1125 2452 1267 2513 suprema

154 2536 244 2592 vero,
268 2528 299 2575 et
321 2536 399 2597 quae
418 2526 504 2577 extra
521 2521 648 2592 eminet,
672 2516 819 2597 Sophiani
834 2516 912 2577 tholi
925 2528 1010 2596 parte
1025 2520 1157 2597 positam
1169 2520 1267 2580 tune

155 2622 279 2663 crucem
294 2622 349 2662 seu
362 2598 574 2688 Σιγναχριοτον
587 2564 681 2664 tradit
695 2606 885 2665 silentiarius
901 2614 977 2683 part.
969 2607 1016 2750 ἀεὶ
1033 2622 1063 2662 ι.
1075 2604 1136 2668 78.

784 2684 824 2751 οἷν
844 2684 898 2751 ord
899 2691 983 2768 ιηςδ

326 2767 456 2851 σιααρδν
472 2768 551 2854 ὑπέρ
566 2777 706 2855 κορυφῆς
676 2714 935 2853 έρνσέπδαιιν
924 2774 1035 2854 έγραφι
1048 2769 1148 2852 τέχνη.

243 2851 298 2918 34.
340 2860 525 2916 Immensum
552 2856 777 2959 hemisphaerii
802 2878 837 2917 αα
866 2857 1048 2937 stupendam
1072 2856 1266 2919 altitudinem

158 2940 315 3021 praedicat
337 2939 386 3001 his
407 2944 507 3002 verbis
533 2946 699 3022 Euagriuat
732 2933 829 3019 δόλος
855 2941 981 3007 έσι1ν’
961 2967 978 3006 ο
1001 2966 1063 3005 τιον
1088 2936 1266 3024 α’ναιιιδραν

158 3022 250 3104 νηδς,
268 3026 405 3133 τέτταρσι
424 3030 656 3137 μετεωριζομένη
672 3032 814 3107 spetioso,
835 3027 867 3103 ές
884 3032 1032 3091 τοσαντον
1043 3022 1129 3105 αψας
1141 3028 1265 3109 έπαιρο-

157 3108 278 3193 μένη’
250 3134 292 3213 ρις
305 3110 410 3215 ἔνερθε
423 3110 478 3193 μέν
490 3120 553 3187 τοῖς
566 3109 734 3189 διενέζονσι
750 3113 932 3219 δυσέφικτον
948 3108 1027 3175 εἶναι
1041 3135 1097 3176 τον
1113 3110 1265 3193 ημισφαι-

157 3189 268 3279 ρέον’
246 3218 496 3279 αποπερατωσιν,
524 3195 644 3279 απερθε
667 3196 700 3261 δέ
721 3221 794 3273 τους
810 3190 995 3302 γινομένους
1012 3200 1138 3279 μηδαμῆ
1156 3203 1265 3278 πειρᾶ·

159 3288 249 3358 σθαι,
271 3281 301 3345 εδ
320 3280 373 3345 καὶ
395 3280 475 3363 μάλα
492 3281 640 3365 τολμητής
661 3307 708 3360 τις
730 3285 795 3363 εἴη,
816 3277 1004 3347 duossimus
1022 3284 1075 3346 ιιαέ
1096 3281 1170 3358 ές
1138 3307 1191 3347 τον
1203 3308 1265 3346 πο·

157 3360 317 3449 δμένα
282 3390 337 3441 τας
361 3364 451 3447 ὄψεις
467 3370 688 3449 παραπέμπειν.
732 3390 801 3428 eam
817 3380 919 3429 autem
936 3367 1127 3428 altitudinem
1144 3390 1161 3429 a
1176 3373 1265 3448 pavi-

157 3464 261 3513 mento
290 3451 330 3511 ad
357 3465 492 3514 centrum
512 3453 727 3535 hemisphaerii
749 3475 804 3515 seu
825 3454 903 3515 tholi
925 3454 1059 3514 mediam
1080 3454 1264 3515 testudinem

159 3558 224 3598 esse
244 3536 361 3618 pedum
385 3544 447 3606 180
467 3539 560 3600 tradit
572 3540 654 3599 idem
672 3544 815 3621 scriptor:
837 3536 920 3604 τιδέ
931 3534 1110 3646 βᾶθρςάπο
1121 3563 1176 3602 τον
1164 3540 1265 3603 ste-

107 3648 111 3656 ·
158 3646 230 3725 spon
251 3646 307 3686 νον
294 3622 530 3707 ἠμισφαιρέον
545 3626 646 3708 μέχρις
658 3624 793 3705 έδαφοας
805 3628 913 3691 ποδιδν
931 3620 989 3708 ρκ’.
1030 3646 1131 3707 neque
1144 3624 1264 3685 dissen-
1275 3679 1284 3692 ,

159 3710 195 3768 tit
209 3712 339 3768 loannes
353 3712 479 3770 Gravius
493 3713 627 3791 Auglus,
649 3707 897 3793 1μεααδιδπτης,
917 3714 949 3770 iu
965 3712 1150 3791 praelatione
1163 3710 1203 3769 ad
1215 3720 1264 3769 ιιι-

158 3794 245 3853 bulas
258 3793 474 3875 geographicas
486 3797 719 3857 Nereia-Eddini
732 3800 860 3872 Persae,
883 3798 1016 3857 scribens
1032 3798 1183 3876 accepisse
1197 3814 1231 3855 se
1245 3815 1265 3854 a

158 3880 268 3939 Tuscis
300 3879 386 3960 Ulug
409 3882 564 3961 Beigrun,
596 3895 714 3963 praeter
742 3885 804 3943 alia
828 3886 1029 3943 instrumenta
1052 3878 1266 3941 mathematica

159 3965 372 4040 exactissima,
394 3984 472 4046 quae
493 3979 667 4047 paraverat,
690 3970 892 4049 quadrantem
904 3964 1071 4047 stupendae
1085 3968 1177 4026 molis
1191 3986 1266 4027 con-

160 4051 324 4125 struxisse,
347 4053 431 4109 cuius
444 4054 551 4113 ruditu
563 4053 752 4113 altitudinem
767 4057 880 4115 summi
894 4054 1016 4113 fornicis
1032 4053 1140 4132 templi
1157 4053 1191 4113 S.
1206 4055 1267 4113 So-

161 4132 252 4215 phiae
268 4132 467 4217 adaequaret:
486 4142 645 4218 quaestui,
666 4143 781 4220 inquit,
804 4140 888 4199 dicus
899 4136 1094 4197 ι’πονειδίδίέιιι
1115 4137 1207 4219 (nam
1222 4150 1269 4196 te-

160 4220 248 4279 studo
260 4220 473 4301 Ιισπιζτμέιαιήί
488 4236 608 4283 cendam
620 4228 772 4306 octoginta
779 4226 874 4305 pedes
886 4224 1042 4281 Romarm
1057 4224 1199 4303 superat)
1220 4223 1271 4280 itti

160 4306 1270 4391 unmPesaefideugmnhaueadememanumepimmmouu
