3017 4817
205 1169 305 1278 nu
339 1155 864 1280 uxruurnonu
898 1089 1216 1288 renerus

473 1381 518 1454 M
553 1376 591 1454 0
627 1380 664 1456 N
700 1379 720 1454 l
755 1381 790 1453 Τ
827 1382 864 1460 U
898 1387 950 1460 M.

520 1631 525 1642 ι
613 1630 821 1644 m-

152 1809 448 1916 Luctnosissimum
464 1874 501 1914 ac
516 1875 595 1936 pene
614 1852 806 1937 deploratum
821 1857 919 1920 fuisse-
933 1860 978 1920 rei
993 1861 1133 1942 publicae
1147 1871 1258 1922 statum

151 1950 220 1998 tum
235 1960 320 2016 cum,
342 1943 476 2000 extincto
488 1939 607 2018 Phoco,
628 1944 786 2004 lleroolius
803 1964 896 2023 regno
908 1947 1023 2025 potitus
1039 1958 1099 2022 est,
1121 1949 1258 2007 unanimi

154 2027 292 2085 omniurn
302 2029 482 2105 scriptorum
494 2029 690 2087 consensione
703 2027 913 2088 confirmatum
925 2041 980 2095 est.
1021 2034 1166 2090 nimirum
1177 2034 1258 2092 cives

152 2111 233 2170 inter
250 2131 283 2171 se
302 2110 391 2171 dirisi
409 2114 558 2171 intestinis
570 2113 738 2191 flagrabant
750 2111 840 2190 odiis,
860 2125 890 2173 et
906 2117 1019 2176 mutuis
1034 2116 1176 2177 caedibus
1188 2137 1258 2176 ma·

155 2193 282 2272 debant3
303 2197 418 2256 Abares
429 2199 464 2255 in
476 2200 617 2276 proximu
626 2199 693 2256 loca
706 2202 819 2278 recepti
833 2210 863 2258 et
877 2202 971 2260 veluti
983 2203 1111 2262 civitatis
1123 2205 1188 2261 iure
1201 2201 1258 2262 do-

153 2283 237 2358 nsti,
260 2281 315 2342 sed
334 2285 435 2342 animo
451 2303 572 2362 semper
584 2293 719 2362 agrestes
732 2294 763 2343 et
780 2283 931 2362 crudeles,
953 2306 1049 2346 novas
1063 2290 1095 2346 ln
1112 2284 1178 2346 dies
1190 2299 1257 2347 tur·

152 2365 210 2426 bas
226 2369 360 2443 ciebant3
383 2368 504 2426 barbari
518 2389 535 2426 e
549 2365 734 2449 Scytharum
749 2387 859 2448 genere
873 2373 907 2429 in
920 2373 1071 2432 Romanus
1086 2374 1257 2451 provincias

152 2452 288 2536 undique
308 2453 489 2513 confluentes
508 2453 708 2514 incredibiles
720 2456 907 2515 calamitates
920 2457 954 2514 in
967 2477 1064 2516 unum
1085 2468 1256 2536 comporte-

150 2538 241 2616 bant3
262 2559 299 2598 ac
309 2542 419 2599 Persae
432 2536 559 2621 quidem
569 2542 788 2620 Mesopotamia
800 2545 957 2618 universa,
979 2545 1082 2623 Syria,
1105 2545 1255 2622 Aegypto,

150 2625 324 2684 Palaestina
344 2635 374 2682 et
392 2621 557 2684 Phoenicia
578 2628 746 2705 occupetis,
775 2624 999 2687 chalcedonem
1025 2647 1122 2708 usque
1152 2627 1255 2704 delati,

150 2719 215 2769 tam
236 2708 302 2768 dira
324 2709 490 2788 cpolitanis
509 2709 717 2784 minabantur,
740 2720 776 2768 ut
794 2729 903 2789 parum
924 2712 1053 2771 abfuerit
1067 2715 1142 2794 quin
1158 2723 1255 2772 totum

150 2797 313 2876 imperium
335 2813 397 2852 una
422 2813 492 2853 cum
516 2796 584 2872 ipso
606 2797 729 2852 nomine
751 2797 872 2874 penitus
899 2793 1058 2858 deleretur.
1101 2799 1194 2876 igitur
1221 2800 1255 2856 in

150 2891 236 2940 tantu
256 2890 428 2959 temporum
450 2879 621 2936 calamitate
642 2889 672 2936 et
691 2880 828 2960 nequitia
842 2883 1054 2958 imperatorem
1066 2879 1256 2940 desiderabat

151 2986 199 3025 res
219 2966 358 3046 publica,
381 2966 434 3045 qui
452 2963 618 3043 plurimum
637 2963 768 3042 polleret
784 2965 896 3044 pietate
916 2967 1058 3039 consilio,
1081 2975 1112 3024 et
1130 2968 1254 3025 militari

150 3053 287 3112 scientis.
329 3047 505 3108 huiusmodi
527 3048 618 3128 plane
637 3051 753 3124 virum,
775 3050 898 3130 qualem
918 3071 1020 3108 rerum
1043 3048 1177 3110 condicio
1195 3071 1254 3131 po-

150 3138 299 3213 stulabat,
320 3155 356 3194 ac
376 3154 484 3196 rerum
503 3131 597 3194 heroo
617 3135 786 3193 Homericis
806 3131 947 3194 heroibus
970 3136 1061 3214 longe
1083 3137 1254 3196 anteferen-

150 3222 225 3281 dum
248 3232 279 3281 et
299 3223 366 3301 ipso
384 3217 560 3281 Alexandro
571 3222 720 3279 maiorem
734 3220 830 3278 luisse
844 3221 1018 3279 Heraclium
1033 3220 1186 3280 contendit
1199 3225 1254 3281 Pi-

149 3307 216 3368 sida
232 3309 267 3366 in
279 3305 364 3366 hisce
378 3307 475 3366 tribus
485 3304 688 3377 Acrooeibus,
708 3308 742 3364 iri
758 3307 868 3387 quibus
882 3304 920 3364 dc
932 3309 1030 3387 prima
1043 3309 1075 3364 iu
1088 3305 1253 3369 Ghosroam

149 3391 242 3452 huius
271 3393 403 3452 nominis
429 3390 596 3451 secundum
622 3395 784 3450 Persarum
817 3411 921 3472 regem
953 3391 1147 3472 expeditione
1180 3397 1253 3478 ogit.

150 3477 295 3560 equidem
317 3479 415 3536 fateor
434 3497 483 3535 me
498 3476 537 3536 ud
550 3480 696 3537 maiorem
709 3479 811 3535 animo
824 3477 1052 3557 concipiendam
1068 3477 1106 3538 de
1122 3479 1254 3538 Heraclii

149 3568 261 3625 virtute
278 3565 452 3643 opinionem
467 3581 508 3620 cx
522 3561 648 3639 huiusce
663 3564 810 3642 potimctii
826 3565 955 3622 lectione
969 3565 1063 3623 fuisse
1079 3567 1252 3637 excitatum,

150 3651 290 3731 qumvis
308 3668 432 3708 mecum
442 3651 509 3727 ipsc
523 3660 695 3730 reputarem
710 3668 776 3708 esse
793 3648 920 3708 sonasse
935 3649 1097 3723 nonnulla,
1120 3667 1198 3730 quae
1212 3667 1254 3706 ex

149 3737 274 3814 ingenio
286 3736 443 3794 scribentis
454 3745 559 3793 ornata
574 3745 605 3792 et
615 3740 743 3815 poeseos
753 3735 903 3794 coloribus
914 3734 1062 3793 illustrata
1074 3735 1143 3813 plus
1155 3733 1251 3790 nimio

148 3829 285 3880 mentem
305 3823 500 3902 animumque
521 3821 731 3900 percellerent.
773 3839 836 3880 non
851 3823 934 3879 enim
949 3831 995 3880 est
1008 3817 1182 3897 negandum
1196 3819 1253 3876 Pi-

149 3904 251 3965 sidam
268 3906 448 3988 plerumque
465 3905 511 3965 uti
531 3909 602 3966 stilo
621 3903 743 3985 turgido
765 3915 796 3964 et
817 3905 938 3981 inflato,
964 3925 999 3964 ao
1012 3913 1078 3963 tum
1092 3903 1251 3984 praecipua

150 3991 312 4071 ampullari
332 3995 366 4051 in
385 4002 464 4066 arte,
486 4010 557 4050 cum
576 3993 751 4052 Heraclium
768 4001 799 4050 et
813 3992 954 4070 Sergium
968 3985 1091 4065 laudat,
1113 3991 1252 4071 quamvis

148 4096 241 4157 saepe
262 4085 366 4136 tamen
385 4077 560 4159 profiteatur
579 4090 610 4138 et
628 4077 751 4138 auribus
771 4078 919 4150 modoet,
943 4094 1054 4135 senon
1069 4073 1162 4136 modo
1178 4072 1253 4157 quid

147 4163 221 4222 falsi
243 4163 377 4222 Heraclii
397 4160 537 4223 laudibus
551 4182 709 4247 nunquam
721 4157 850 4240 addere,
872 4159 927 4223 sed
941 4157 1081 4219 nonnihil
1098 4162 1198 4242 potius
1212 4180 1253 4219 ex

146 4250 224 4329 ipsis
238 4248 374 4308 deterere
396 4247 548 4329 (Acroce.
567 4254 584 4313 1
606 4247 677 4330 43).
722 4260 871 4322 ceterum,
895 4267 935 4304 ne
951 4241 989 4305 de
1004 4247 1094 4306 mulis
1108 4247 1252 4306 ecclesiae

147 4335 273 4418 loquar,
300 4337 436 4412 utinm,
464 4352 558 4416 quam
583 4336 641 4395 fuit
669 4336 756 4412 regni
779 4331 912 4394 Heraclii
935 4331 1101 4413 gloriosum
1122 4333 1252 4408 initium,
