<?xml version="1.0" encoding="UTF-8"?>
<!DOCTYPE html PUBLIC "-//W3C//DTD XHTML 1.0 Transitional//EN"
    "http://www.w3.org/TR/xhtml1/DTD/xhtml1-transitional.dtd">
<html xmlns="http://www.w3.org/1999/xhtml" xml:lang="en" lang="en">
 <head>
  <title>
</title>
<meta http-equiv="Content-Type" content="text/html;charset=utf-8" />
  <meta name='ocr-system' content='tesseract 3.04.00' />
  <meta name='ocr-capabilities' content='ocr_page ocr_carea ocr_par ocr_line ocrx_word'/>
</head>
<body>
  <div class='ocr_page' id='page_1' title='image "./corpusscriptoru19theogoog/corpusscriptoru19theogoog_0551.png"; bbox 0 0 3017 4817; ppageno 0'>
   <div class='ocr_carea' id='block_1_1' title="bbox 436 255 1258 338">
    <p class='ocr_par' dir='ltr' id='par_1_1' title="bbox 436 255 1258 338">
     <span class='ocr_line' id='line_1_1' title="bbox 436 255 1258 338; baseline 0.01 -10"><span class='ocrx_word' id='word_1_1' title='bbox 436 255 492 328; x_wconf 79' lang='lat' dir='ltr'><strong>st)</strong></span> <span class='ocrx_word' id='word_1_2' title='bbox 513 255 797 328; x_wconf 70' lang='lat' dir='ltr'><strong>mutationum</strong></span> <span class='ocrx_word' id='word_1_3' title='bbox 813 257 971 328; x_wconf 74' lang='lat' dir='ltr'><strong>NOTAE.</strong></span> <span class='ocrx_word' id='word_1_4' title='bbox 1183 260 1258 338; x_wconf 76' lang='lat'><strong>181</strong></span> 
     </span>
    </p>
   </div>
   <div class='ocr_carea' id='block_1_2' title="bbox 99 421 1259 1106">
    <p class='ocr_par' dir='ltr' id='par_1_2' title="bbox 152 421 1259 680">
     <span class='ocr_line' id='line_1_2' title="bbox 154 421 1259 508; baseline 0.004 -22"><span class='ocrx_word' id='word_1_5' title='bbox 154 422 255 486; x_wconf 79' lang='lat' dir='ltr'><strong>duxit.</strong></span> <span class='ocrx_word' id='word_1_6' title='bbox 297 425 335 483; x_wconf 86' lang='lat' dir='ltr'><strong>ab</strong></span> <span class='ocrx_word' id='word_1_7' title='bbox 350 421 410 486; x_wconf 92' lang='lat' dir='ltr'><strong>hoc</strong></span> <span class='ocrx_word' id='word_1_8' title='bbox 426 425 712 486; x_wconf 86' lang='lat' dir='ltr'><strong>consceleratissima</strong></span> <span class='ocrx_word' id='word_1_9' title='bbox 726 433 856 506; x_wconf 73' lang='lat' dir='ltr'><strong>tyram</strong></span> <span class='ocrx_word' id='word_1_10' title='bbox 873 427 998 508; x_wconf 86' lang='lat' dir='ltr'><strong>eiusque</strong></span> <span class='ocrx_word' id='word_1_11' title='bbox 1014 425 1259 507; x_wconf 85' lang='lat' dir='ltr'><strong>profligatissimo</strong></span> 
     </span>
     <span class='ocr_line' id='line_1_3' title="bbox 152 512 1258 592; baseline 0.005 -22"><span class='ocrx_word' id='word_1_12' title='bbox 152 522 277 592; x_wconf 87' lang='lat' dir='ltr'><strong>parente</strong></span> <span class='ocrx_word' id='word_1_13' title='bbox 291 514 421 570; x_wconf 90' lang='lat' dir='ltr'><strong>Isaurico</strong></span> <span class='ocrx_word' id='word_1_14' title='bbox 435 515 538 572; x_wconf 87' lang='lat' dir='ltr'><strong>Leone</strong></span> <span class='ocrx_word' id='word_1_15' title='bbox 552 514 660 591; x_wconf 81' lang='lat' dir='ltr'>nuperi</span> <span class='ocrx_word' id='word_1_16' title='bbox 673 513 723 571; x_wconf 90' lang='lat' dir='ltr'><strong>isti</strong></span> <span class='ocrx_word' id='word_1_17' title='bbox 736 531 888 572; x_wconf 89' lang='lat' dir='ltr'><strong>sacrarum</strong></span> <span class='ocrx_word' id='word_1_18' title='bbox 902 514 1071 592; x_wconf 79' lang='lat' dir='ltr'>imaginum</span> <span class='ocrx_word' id='word_1_19' title='bbox 1086 512 1258 576; x_wconf 81' lang='lat' dir='ltr'><strong>effractores</strong></span> 
     </span>
     <span class='ocr_line' id='line_1_4' title="bbox 154 595 1259 680; baseline 0.004 -24"><span class='ocrx_word' id='word_1_20' title='bbox 154 617 226 656; x_wconf 88' lang='lat' dir='ltr'><strong>cum</strong></span> <span class='ocrx_word' id='word_1_21' title='bbox 246 599 376 656; x_wconf 86' lang='lat' dir='ltr'><strong>amentia</strong></span> <span class='ocrx_word' id='word_1_22' title='bbox 392 597 549 676; x_wconf 82' lang='lat' dir='ltr'><strong>perfidiam</strong></span> <span class='ocrx_word' id='word_1_23' title='bbox 565 595 746 672; x_wconf 87' lang='lat' dir='ltr'><strong>hauserunt,</strong></span> <span class='ocrx_word' id='word_1_24' title='bbox 767 599 866 679; x_wconf 85' lang='lat' dir='ltr'><strong>iisque</strong></span> <span class='ocrx_word' id='word_1_25' title='bbox 878 601 1032 678; x_wconf 73' lang='lat' dir='ltr'><strong>magistris</strong></span> <span class='ocrx_word' id='word_1_26' title='bbox 1047 610 1138 680; x_wconf 89' lang='lat' dir='ltr'><strong>atqua</strong></span> <span class='ocrx_word' id='word_1_27' title='bbox 1152 610 1259 660; x_wconf 90' lang='lat' dir='ltr'><strong>aucto-</strong></span> 
     </span>
    </p>

    <p class='ocr_par' dir='ltr' id='par_1_3' title="bbox 99 680 1259 1106">
     <span class='ocr_line' id='line_1_5' title="bbox 99 680 1258 764; baseline 0.003 -23"><span class='ocrx_word' id='word_1_28' title='bbox 99 731 104 741; x_wconf 97' lang='lat'><strong>.</strong></span> <span class='ocrx_word' id='word_1_29' title='bbox 153 683 239 741; x_wconf 85' lang='lat' dir='ltr'><strong>sibus</strong></span> <span class='ocrx_word' id='word_1_30' title='bbox 259 683 437 760; x_wconf 76' lang='lat' dir='ltr'><strong>gloriantur.</strong></span> <span class='ocrx_word' id='word_1_31' title='bbox 481 702 522 742; x_wconf 85' lang='lat' dir='ltr'><strong>ex</strong></span> <span class='ocrx_word' id='word_1_32' title='bbox 543 680 652 742; x_wconf 89' lang='lat' dir='ltr'><strong>horum</strong></span> <span class='ocrx_word' id='word_1_33' title='bbox 673 683 804 742; x_wconf 85' lang='lat' dir='ltr'><strong>faotione</strong></span> <span class='ocrx_word' id='word_1_34' title='bbox 824 685 1005 743; x_wconf 66' lang='lat' dir='ltr'><strong>ranmsimus</strong></span> <span class='ocrx_word' id='word_1_35' title='bbox 1025 683 1079 742; x_wconf 86' lang='lat' dir='ltr'><strong>ille</strong></span> <span class='ocrx_word' id='word_1_36' title='bbox 1096 683 1258 764; x_wconf 86' lang='lat' dir='ltr'><strong>Nicephori</strong></span> 
     </span>
     <span class='ocr_line' id='line_1_6' title="bbox 153 765 1258 848; baseline 0.002 -22"><span class='ocrx_word' id='word_1_37' title='bbox 153 765 331 826; x_wconf 73' lang='lat' dir='ltr'><strong>scholiastes</strong></span> <span class='ocrx_word' id='word_1_38' title='bbox 352 767 541 828; x_wconf 74' lang='lat' dir='ltr'><strong>Camerarius</strong></span> <span class='ocrx_word' id='word_1_39' title='bbox 557 770 654 828; x_wconf 89' lang='lat' dir='ltr'><strong>multa</strong></span> <span class='ocrx_word' id='word_1_40' title='bbox 669 770 702 826; x_wconf 90' lang='lat' dir='ltr'><strong>iu</strong></span> <span class='ocrx_word' id='word_1_41' title='bbox 721 770 924 830; x_wconf 86' lang='lat' dir='ltr'><strong>sanctissimas</strong></span> <span class='ocrx_word' id='word_1_42' title='bbox 941 771 1011 828; x_wconf 87' lang='lat' dir='ltr'><strong>illas</strong></span> <span class='ocrx_word' id='word_1_43' title='bbox 1025 770 1184 848; x_wconf 80' lang='lat' dir='ltr'><strong>religiones</strong></span> <span class='ocrx_word' id='word_1_44' title='bbox 1204 789 1258 828; x_wconf 90' lang='lat' dir='ltr'><strong>ea-</strong></span> 
     </span>
     <span class='ocr_line' id='line_1_7' title="bbox 153 849 1259 932; baseline 0.004 -22"><span class='ocrx_word' id='word_1_45' title='bbox 153 871 283 932; x_wconf 88' lang='lat' dir='ltr'><strong>rumque</strong></span> <span class='ocrx_word' id='word_1_46' title='bbox 309 849 499 912; x_wconf 82' lang='lat' dir='ltr'><strong>defensorem</strong></span> <span class='ocrx_word' id='word_1_47' title='bbox 528 857 707 914; x_wconf 76' lang='lat' dir='ltr'><strong>acerrimum</strong></span> <span class='ocrx_word' id='word_1_48' title='bbox 728 857 875 914; x_wconf 86' lang='lat' dir='ltr'><strong>loannem</strong></span> <span class='ocrx_word' id='word_1_49' title='bbox 894 854 1116 914; x_wconf 87' lang='lat' dir='ltr'><strong>Damascenum</strong></span> <span class='ocrx_word' id='word_1_50' title='bbox 1135 855 1259 916; x_wconf 78' lang='lat' dir='ltr'><strong>furiosis</strong></span> 
     </span>
     <span class='ocr_line' id='line_1_8' title="bbox 152 938 1259 1022; baseline 0.003 -26"><span class='ocrx_word' id='word_1_51' title='bbox 152 938 215 996; x_wconf 88' lang='lat' dir='ltr'><strong>illis</strong></span> <span class='ocrx_word' id='word_1_52' title='bbox 236 940 269 996; x_wconf 90' lang='lat' dir='ltr'><strong>iu</strong></span> <span class='ocrx_word' id='word_1_53' title='bbox 291 941 512 1000; x_wconf 87' lang='lat' dir='ltr'><strong>commentariis</strong></span> <span class='ocrx_word' id='word_1_54' title='bbox 526 942 675 1014; x_wconf 81' lang='lat' dir='ltr'><strong>evomuit,</strong></span> <span class='ocrx_word' id='word_1_55' title='bbox 697 943 731 999; x_wconf 92' lang='lat' dir='ltr'><strong>in</strong></span> <span class='ocrx_word' id='word_1_56' title='bbox 745 941 856 1021; x_wconf 88' lang='lat' dir='ltr'><strong>quibus</strong></span> <span class='ocrx_word' id='word_1_57' title='bbox 870 951 945 1022; x_wconf 90' lang='lat' dir='ltr'><strong>quot</strong></span> <span class='ocrx_word' id='word_1_58' title='bbox 958 940 1110 1022; x_wconf 86' lang='lat' dir='ltr'><strong>syllabae,</strong></span> <span class='ocrx_word' id='word_1_59' title='bbox 1130 939 1259 1001; x_wconf 89' lang='lat' dir='ltr'><strong>totidem</strong></span> 
     </span>
     <span class='ocr_line' id='line_1_9' title="bbox 152 1022 713 1106; baseline 0.004 -22"><span class='ocrx_word' id='word_1_60' title='bbox 152 1024 205 1084; x_wconf 81' lang='lat' dir='ltr'><strong>rel</strong></span> <span class='ocrx_word' id='word_1_61' title='bbox 222 1041 321 1104; x_wconf 85' lang='lat' dir='ltr'><strong>nugae</strong></span> <span class='ocrx_word' id='word_1_62' title='bbox 339 1025 390 1084; x_wconf 85' lang='lat' dir='ltr'><strong>vel</strong></span> <span class='ocrx_word' id='word_1_63' title='bbox 407 1022 612 1106; x_wconf 82' lang='lat' dir='ltr'><strong>blasphemiae</strong></span> <span class='ocrx_word' id='word_1_64' title='bbox 633 1035 713 1086; x_wconf 87' lang='lat' dir='ltr'><strong>sunt.</strong></span> 
     </span>
    </p>
   </div>
   <div class='ocr_carea' id='block_1_3' title="bbox 149 1137 1348 1630">
    <p class='ocr_par' dir='ltr' id='par_1_4' title="bbox 149 1137 1348 1630">
     <span class='ocr_line' id='line_1_10' title="bbox 237 1137 1258 1223; baseline -0.006 -17"><span class='ocrx_word' id='word_1_65' title='bbox 237 1161 269 1222; x_wconf 87' lang='lat' dir='ltr'><strong>p·</strong></span> <span class='ocrx_word' id='word_1_66' title='bbox 283 1145 322 1206; x_wconf 82' lang='lat'><strong>81</strong></span> <span class='ocrx_word' id='word_1_67' title='bbox 338 1163 368 1202; x_wconf 82' lang='lat' dir='ltr'><strong>v.</strong></span> <span class='ocrx_word' id='word_1_68' title='bbox 384 1147 434 1208; x_wconf 85' lang='lat'><strong>16.</strong></span> <span class='ocrx_word' id='word_1_69' title='bbox 475 1143 510 1208; x_wconf 78' lang='grc' dir='ltr'><strong>ἐν</strong></span> <span class='ocrx_word' id='word_1_70' title='bbox 521 1149 585 1217; x_wconf 81' lang='grc' dir='ltr'><strong><em>τοῖς</em></strong></span> <span class='ocrx_word' id='word_1_71' title='bbox 597 1139 798 1223; x_wconf 72' lang='grc' dir='ltr'><strong><em>καλουμένοις</em></strong></span> <span class='ocrx_word' id='word_1_72' title='bbox 808 1137 938 1222; x_wconf 68' lang='grc' dir='ltr'><strong><em>τάφοις]</em></strong></span> <span class='ocrx_word' id='word_1_73' title='bbox 959 1141 1078 1222; x_wconf 79' lang='lat' dir='ltr'><strong>Pelagii</strong></span> <span class='ocrx_word' id='word_1_74' title='bbox 1097 1138 1258 1222; x_wconf 84' lang='lat' dir='ltr'><strong>sepulchra</strong></span> 
     </span>
     <span class='ocr_line' id='line_1_11' title="bbox 153 1225 1258 1307; baseline 0.002 -23"><span class='ocrx_word' id='word_1_75' title='bbox 153 1243 232 1306; x_wconf 89' lang='lat' dir='ltr'><strong>quae</strong></span> <span class='ocrx_word' id='word_1_76' title='bbox 251 1228 364 1286; x_wconf 87' lang='lat' dir='ltr'><strong>fuerint</strong></span> <span class='ocrx_word' id='word_1_77' title='bbox 381 1227 512 1289; x_wconf 83' lang='lat' dir='ltr'><strong>declarat</strong></span> <span class='ocrx_word' id='word_1_78' title='bbox 522 1225 727 1307; x_wconf 86' lang='lat' dir='ltr'><strong>Theophanes</strong></span> <span class='ocrx_word' id='word_1_79' title='bbox 741 1231 775 1285; x_wconf 91' lang='lat' dir='ltr'><strong>in</strong></span> <span class='ocrx_word' id='word_1_80' title='bbox 786 1226 913 1287; x_wconf 86' lang='lat' dir='ltr'><strong>historia</strong></span> <span class='ocrx_word' id='word_1_81' title='bbox 927 1228 1115 1287; x_wconf 82' lang='lat' dir='ltr'><strong>Constantini</strong></span> <span class='ocrx_word' id='word_1_82' title='bbox 1127 1229 1258 1306; x_wconf 89' lang='lat' dir='ltr'><strong>patriar-</strong></span> 
     </span>
     <span class='ocr_line' id='line_1_12' title="bbox 153 1305 1258 1396; baseline 0.006 -29"><span class='ocrx_word' id='word_1_83' title='bbox 153 1309 246 1370; x_wconf 89' lang='lat' dir='ltr'><strong>chae.</strong></span> <span class='ocrx_word' id='word_1_84' title='bbox 269 1309 303 1374; x_wconf 76' lang='grc' dir='ltr'><strong>τὸ</strong></span> <span class='ocrx_word' id='word_1_85' title='bbox 325 1309 359 1375; x_wconf 73' lang='lat' dir='ltr'><strong>dl</strong></span> <span class='ocrx_word' id='word_1_86' title='bbox 377 1317 465 1394; x_wconf 77' lang='grc' dir='ltr'><strong>σαῖμα</strong></span> <span class='ocrx_word' id='word_1_87' title='bbox 487 1313 616 1396; x_wconf 74' lang='grc' dir='ltr'><strong><em>ἔρριψαν</em></strong></span> <span class='ocrx_word' id='word_1_88' title='bbox 632 1314 675 1388; x_wconf 85' lang='grc' dir='ltr'><strong>είς</strong></span> <span class='ocrx_word' id='word_1_89' title='bbox 688 1309 725 1376; x_wconf 79' lang='lat' dir='ltr'><strong>td</strong></span> <span class='ocrx_word' id='word_1_90' title='bbox 741 1313 893 1393; x_wconf 72' lang='grc' dir='ltr'><strong><em>Πελαγίαν</em></strong></span> <span class='ocrx_word' id='word_1_91' title='bbox 907 1308 1049 1391; x_wconf 74' lang='grc' dir='ltr'><strong>σύροντες</strong></span> <span class='ocrx_word' id='word_1_92' title='bbox 1064 1305 1157 1374; x_wconf 74' lang='lat' dir='ltr'><strong>adad·</strong></span> <span class='ocrx_word' id='word_1_93' title='bbox 1177 1311 1258 1374; x_wconf 75' lang='grc' dir='ltr'><strong><em>ἔνθα</em></strong></span> 
     </span>
     <span class='ocr_line' id='line_1_13' title="bbox 150 1390 1348 1481; baseline 0.002 -23"><span class='ocrx_word' id='word_1_94' title='bbox 150 1390 259 1481; x_wconf 71' lang='grc' dir='ltr'><strong><em>πρῴην</em></strong></span> <span class='ocrx_word' id='word_1_95' title='bbox 282 1394 338 1477; x_wconf 78' lang='grc' dir='ltr'><strong>μὲν</strong></span> <span class='ocrx_word' id='word_1_96' title='bbox 357 1395 494 1478; x_wconf 80' lang='grc' dir='ltr'><strong><em>τίττῆργεν</em></strong></span> <span class='ocrx_word' id='word_1_97' title='bbox 515 1395 534 1462; x_wconf 86' lang='lat' dir='ltr'><strong>o‘</strong></span> <span class='ocrx_word' id='word_1_98' title='bbox 552 1403 608 1477; x_wconf 78' lang='grc' dir='ltr'><strong>τῆς</strong></span> <span class='ocrx_word' id='word_1_99' title='bbox 629 1395 718 1480; x_wconf 70' lang='grc' dir='ltr'><strong><em>α’γίας</em></strong></span> <span class='ocrx_word' id='word_1_100' title='bbox 733 1392 885 1478; x_wconf 84' lang='grc' dir='ltr'><strong><em>μοίρτυρος</em></strong></span> <span class='ocrx_word' id='word_1_101' title='bbox 902 1397 1052 1479; x_wconf 82' lang='grc' dir='ltr'><strong><em>Πείαγίας</em></strong></span> <span class='ocrx_word' id='word_1_102' title='bbox 1068 1391 1160 1468; x_wconf 81' lang='grc' dir='ltr'><strong><em>ναός,</em></strong></span> <span class='ocrx_word' id='word_1_103' title='bbox 1182 1391 1219 1459; x_wconf 76' lang='lat' dir='ltr'><strong>‘dv</strong></span> <span class='ocrx_word' id='word_1_104' title='bbox 1236 1395 1255 1461; x_wconf 80' lang='lat' dir='ltr'><strong>d</strong></span> <span class='ocrx_word' id='word_1_105' title='bbox 1271 1396 1293 1451; x_wconf 87' lang='grc' dir='ltr'>Ρ</span> <span class='ocrx_word' id='word_1_106' title='bbox 1311 1393 1348 1452; x_wconf 75' lang='lat'><strong>84</strong></span> 
     </span>
     <span class='ocr_line' id='line_1_14' title="bbox 149 1475 1256 1630; baseline 0.002 -88"><span class='ocrx_word' id='word_1_107' title='bbox 149 1480 302 1630; x_wconf 70' lang='grc' dir='ltr'><strong>ἐιίίεομισὴς</strong></span> <span class='ocrx_word' id='word_1_108' title='bbox 319 1480 488 1558; x_wconf 70' lang='grc' dir='ltr'><strong><em>καταλύσας</em></strong></span> <span class='ocrx_word' id='word_1_109' title='bbox 505 1483 558 1546; x_wconf 84' lang='grc' dir='ltr'><strong>καί</strong></span> <span class='ocrx_word' id='word_1_110' title='bbox 575 1478 676 1562; x_wconf 84' lang='grc' dir='ltr'><strong><em>τοίφον</em></strong></span> <span class='ocrx_word' id='word_1_111' title='bbox 697 1484 869 1546; x_wconf 75' lang='grc' dir='ltr'><strong><em>καταδίκων</em></strong></span> <span class='ocrx_word' id='word_1_112' title='bbox 891 1475 1024 1563; x_wconf 71' lang='grc' dir='ltr'><strong><em>πατήσας</em></strong></span> <span class='ocrx_word' id='word_1_113' title='bbox 1047 1476 1086 1543; x_wconf 79' lang='grc' dir='ltr'><strong>τοί</strong></span> <span class='ocrx_word' id='word_1_114' title='bbox 1102 1483 1256 1563; x_wconf 68' lang='grc' dir='ltr'><strong><em>Πελαγίαν</em></strong></span> 
     </span>
     <span class='ocr_line' id='line_1_15' title="bbox 167 1562 304 1629; baseline 0.007 -1"><span class='ocrx_word' id='word_1_115' title='bbox 167 1562 304 1629; x_wconf 75' lang='grc' dir='ltr'><strong>κάλεσον.</strong></span> 
     </span>
    </p>
   </div>
   <div class='ocr_carea' id='block_1_4' title="bbox 151 1660 1297 2087">
    <p class='ocr_par' dir='ltr' id='par_1_5' title="bbox 150 1660 1297 2087">
     <span class='ocr_line' id='line_1_16' title="bbox 235 1660 1255 1752; baseline 0.003 -24"><span class='ocrx_word' id='word_1_116' title='bbox 235 1687 268 1748; x_wconf 88' lang='lat' dir='ltr'><strong>p.</strong></span> <span class='ocrx_word' id='word_1_117' title='bbox 283 1669 324 1731; x_wconf 83' lang='lat'><strong>82</strong></span> <span class='ocrx_word' id='word_1_118' title='bbox 341 1688 371 1727; x_wconf 86' lang='lat' dir='ltr'><strong>v.</strong></span> <span class='ocrx_word' id='word_1_119' title='bbox 385 1669 417 1732; x_wconf 89' lang='lat'><strong>6.</strong></span> <span class='ocrx_word' id='word_1_120' title='bbox 463 1669 513 1750; x_wconf 69' lang='lat' dir='ltr'><strong>To</strong></span> <span class='ocrx_word' id='word_1_121' title='bbox 533 1661 567 1729; x_wconf 75' lang='grc' dir='ltr'><strong>δὲ</strong></span> <span class='ocrx_word' id='word_1_122' title='bbox 586 1660 669 1752; x_wconf 65' lang='grc' dir='ltr'><strong><em>αὐτῷ</em></strong></span> <span class='ocrx_word' id='word_1_123' title='bbox 681 1666 757 1748; x_wconf 73' lang='grc' dir='ltr'><strong><em>ἔτει]</em></strong></span> <span class='ocrx_word' id='word_1_124' title='bbox 779 1687 807 1727; x_wconf 87' lang='lat' dir='ltr'><strong>a.</strong></span> <span class='ocrx_word' id='word_1_125' title='bbox 823 1667 1008 1748; x_wconf 80' lang='lat' dir='ltr'><strong>Gopronymi</strong></span> <span class='ocrx_word' id='word_1_126' title='bbox 1020 1664 1080 1743; x_wconf 83' lang='lat'><strong>24,</strong></span> <span class='ocrx_word' id='word_1_127' title='bbox 1102 1663 1255 1743; x_wconf 71' lang='lat' dir='ltr'><strong>traieci,</strong></span> 
     </span>
     <span class='ocr_line' id='line_1_17' title="bbox 151 1751 1256 1834; baseline -0.001 -23"><span class='ocrx_word' id='word_1_128' title='bbox 151 1754 284 1811; x_wconf 85' lang='lat' dir='ltr'><strong>Ianuarii</strong></span> <span class='ocrx_word' id='word_1_129' title='bbox 298 1755 336 1816; x_wconf 76' lang='lat'><strong>21</strong></span> <span class='ocrx_word' id='word_1_130' title='bbox 358 1761 459 1811; x_wconf 86' lang='lat' dir='ltr'><strong>contra</strong></span> <span class='ocrx_word' id='word_1_131' title='bbox 472 1753 618 1832; x_wconf 90' lang='lat' dir='ltr'><strong>Bulgaros</strong></span> <span class='ocrx_word' id='word_1_132' title='bbox 631 1757 743 1829; x_wconf 85' lang='lat' dir='ltr'><strong>movit,</strong></span> <span class='ocrx_word' id='word_1_133' title='bbox 766 1755 808 1813; x_wconf 90' lang='lat' dir='ltr'><strong>ait</strong></span> <span class='ocrx_word' id='word_1_134' title='bbox 821 1751 1038 1834; x_wconf 84' lang='lat' dir='ltr'><strong>Theophanes.</strong></span> <span class='ocrx_word' id='word_1_135' title='bbox 1078 1771 1182 1811; x_wconf 78' lang='lat' dir='ltr'><strong>revera</strong></span> <span class='ocrx_word' id='word_1_136' title='bbox 1198 1770 1256 1810; x_wconf 91' lang='lat' dir='ltr'><strong>an-</strong></span> 
     </span>
     <span class='ocr_line' id='line_1_18' title="bbox 509 1836 1297 1939; baseline 0.003 40.939"><span class='ocrx_word' id='word_1_137' title='bbox 437 1836 1256 1919; x_wconf 59' lang='lat' dir='ltr'><strong>¹ffl⁸</strong></span> <span class='ocrx_word' id='word_1_138' title='bbox 1292 1931 1297 1939; x_wconf 88' lang='lat'>-</span> 
     </span>
     <span class='ocr_line' id='line_1_19' title="bbox 151 1921 1017 2087; baseline 0.005 -20"><span class='ocrx_word' id='word_1_139' title='bbox 151 1921 336 2068; x_wconf 53' lang='lat' dir='ltr'><strong>bhldlhlotdbdddls</strong></span> <span class='ocrx_word' id='word_1_140' title='bbox 351 1925 559 2087; x_wconf 48' lang='lat' dir='ltr'><strong>dd&#39;prddbipue</strong></span> <span class='ocrx_word' id='word_1_141' title='bbox 575 1969 738 2069; x_wconf 70' lang='lat' dir='ltr'><strong>thonaohos</strong></span> <span class='ocrx_word' id='word_1_142' title='bbox 754 2012 907 2070; x_wconf 83' lang='lat' dir='ltr'><strong>excitarit.</strong></span> <span class='ocrx_word' id='word_1_143' title='bbox 997 1943 1017 2004; x_wconf 69' lang='lat' dir='ltr'>g</span> 
     </span>
    </p>
   </div>
   <div class='ocr_carea' id='block_1_5' title="bbox 150 2101 1255 3192">
    <p class='ocr_par' dir='ltr' id='par_1_6' title="bbox 150 2101 1255 3192">
     <span class='ocr_line' id='line_1_20' title="bbox 234 2101 1255 2192; baseline -0.007 -18"><span class='ocrx_word' id='word_1_144' title='bbox 234 2129 265 2188; x_wconf 84' lang='lat' dir='ltr'><strong>p-</strong></span> <span class='ocrx_word' id='word_1_145' title='bbox 274 2112 314 2174; x_wconf 83' lang='lat'><strong>83</strong></span> <span class='ocrx_word' id='word_1_146' title='bbox 330 2129 358 2168; x_wconf 80' lang='lat' dir='ltr'><strong>v.</strong></span> <span class='ocrx_word' id='word_1_147' title='bbox 369 2109 419 2172; x_wconf 88' lang='lat'><strong>10.</strong></span> <span class='ocrx_word' id='word_1_148' title='bbox 462 2101 577 2172; x_wconf 75' lang='grc' dir='ltr'><strong><em>τούτων</em></strong></span> <span class='ocrx_word' id='word_1_149' title='bbox 591 2107 625 2174; x_wconf 78' lang='lat' dir='ltr'><strong>dl</strong></span> <span class='ocrx_word' id='word_1_150' title='bbox 637 2101 680 2192; x_wconf 78' lang='grc' dir='ltr'><strong>ἦν</strong></span> <span class='ocrx_word' id='word_1_151' title='bbox 688 2102 849 2192; x_wconf 72' lang='grc' dir='ltr'><strong><em>Ἀντίοχος]</em></strong></span> <span class='ocrx_word' id='word_1_152' title='bbox 871 2107 994 2172; x_wconf 88' lang='lat' dir='ltr'><strong>eosdem</strong></span> <span class='ocrx_word' id='word_1_153' title='bbox 1003 2117 1138 2169; x_wconf 85' lang='lat' dir='ltr'><strong>recenset</strong></span> <span class='ocrx_word' id='word_1_154' title='bbox 1148 2105 1255 2168; x_wconf 88' lang='lat' dir='ltr'><strong>Theo·</strong></span> 
     </span>
     <span class='ocr_line' id='line_1_21' title="bbox 153 2190 1255 2278; baseline 0.001 -26"><span class='ocrx_word' id='word_1_155' title='bbox 153 2191 270 2274; x_wconf 87' lang='lat' dir='ltr'><strong>phanes</strong></span> <span class='ocrx_word' id='word_1_156' title='bbox 287 2203 317 2252; x_wconf 89' lang='lat' dir='ltr'><strong>et</strong></span> <span class='ocrx_word' id='word_1_157' title='bbox 329 2195 442 2253; x_wconf 89' lang='lat' dir='ltr'><strong>Paulus</strong></span> <span class='ocrx_word' id='word_1_158' title='bbox 454 2195 616 2255; x_wconf 82' lang='lat' dir='ltr'><strong>Diaconos.</strong></span> <span class='ocrx_word' id='word_1_159' title='bbox 658 2194 824 2278; x_wconf 77' lang='grc' dir='ltr'><strong><em>ίογοθίτης</em></strong></span> <span class='ocrx_word' id='word_1_160' title='bbox 838 2199 895 2260; x_wconf 75' lang='grc' dir='ltr'><strong>τοῦ</strong></span> <span class='ocrx_word' id='word_1_161' title='bbox 909 2190 1026 2278; x_wconf 74' lang='grc' dir='ltr'><strong><em>δρόμον</em></strong></span> <span class='ocrx_word' id='word_1_162' title='bbox 1043 2193 1153 2254; x_wconf 87' lang='lat' dir='ltr'><strong>dicitur</strong></span> <span class='ocrx_word' id='word_1_163' title='bbox 1167 2191 1219 2252; x_wconf 92' lang='lat' dir='ltr'><strong>hic</strong></span> <span class='ocrx_word' id='word_1_164' title='bbox 1235 2211 1255 2253; x_wconf 84' lang='lat' dir='ltr'><strong>a</strong></span> 
     </span>
     <span class='ocr_line' id='line_1_22' title="bbox 151 2272 1255 2364; baseline 0.002 -26"><span class='ocrx_word' id='word_1_165' title='bbox 151 2277 321 2361; x_wconf 85' lang='lat' dir='ltr'><strong>Nicephoro</strong></span> <span class='ocrx_word' id='word_1_166' title='bbox 337 2278 356 2342; x_wconf 89' lang='lat' dir='ltr'><strong>o‘</strong></span> <span class='ocrx_word' id='word_1_167' title='bbox 367 2281 430 2341; x_wconf 75' lang='grc' dir='ltr'><strong><em>τοῖν</em></strong></span> <span class='ocrx_word' id='word_1_168' title='bbox 441 2279 594 2359; x_wconf 79' lang='grc' dir='ltr'><strong><em>δημοσίαν</em></strong></span> <span class='ocrx_word' id='word_1_169' title='bbox 605 2277 791 2364; x_wconf 74' lang='grc' dir='ltr'><strong><em>πραγμάτων</em></strong></span> <span class='ocrx_word' id='word_1_170' title='bbox 801 2277 856 2357; x_wconf 70' lang='lat' dir='ltr'><strong>saie</strong></span> <span class='ocrx_word' id='word_1_171' title='bbox 866 2276 1054 2361; x_wconf 70' lang='grc' dir='ltr'><strong><em>ὑπομνήσεις</em></strong></span> <span class='ocrx_word' id='word_1_172' title='bbox 1062 2272 1255 2358; x_wconf 74' lang='grc' dir='ltr'><strong><em>διακομίζων,</em></strong></span> 
     </span>
     <span class='ocr_line' id='line_1_23' title="bbox 152 2363 1255 2448; baseline -0.003 -24"><span class='ocrx_word' id='word_1_173' title='bbox 152 2363 236 2446; x_wconf 89' lang='lat' dir='ltr'><strong>quod</strong></span> <span class='ocrx_word' id='word_1_174' title='bbox 253 2367 389 2443; x_wconf 85' lang='lat' dir='ltr'><strong>magistri</strong></span> <span class='ocrx_word' id='word_1_175' title='bbox 407 2367 571 2425; x_wconf 87' lang='lat' dir='ltr'><strong>memoriae</strong></span> <span class='ocrx_word' id='word_1_176' title='bbox 591 2369 747 2446; x_wconf 86' lang='lat' dir='ltr'><strong>proprium</strong></span> <span class='ocrx_word' id='word_1_177' title='bbox 769 2378 843 2426; x_wconf 86' lang='lat' dir='ltr'><strong>erat.</strong></span> <span class='ocrx_word' id='word_1_178' title='bbox 886 2369 954 2448; x_wconf 90' lang='lat' dir='ltr'><strong>qui,</strong></span> <span class='ocrx_word' id='word_1_179' title='bbox 979 2376 1014 2424; x_wconf 92' lang='lat' dir='ltr'><strong>ut</strong></span> <span class='ocrx_word' id='word_1_180' title='bbox 1034 2375 1081 2424; x_wconf 89' lang='lat' dir='ltr'><strong>est</strong></span> <span class='ocrx_word' id='word_1_181' title='bbox 1095 2367 1129 2424; x_wconf 88' lang='lat' dir='ltr'><strong>iu</strong></span> <span class='ocrx_word' id='word_1_182' title='bbox 1145 2364 1255 2422; x_wconf 78' lang='lat' dir='ltr'><strong>notitia</strong></span> 
     </span>
     <span class='ocr_line' id='line_1_24' title="bbox 150 2449 1251 2530; baseline -0.004 -20"><span class='ocrx_word' id='word_1_183' title='bbox 150 2453 272 2530; x_wconf 80' lang='lat' dir='ltr'><strong>imperii</strong></span> <span class='ocrx_word' id='word_1_184' title='bbox 287 2450 461 2524; x_wconf 79' lang='lat' dir='ltr'><strong>orientalis,</strong></span> <span class='ocrx_word' id='word_1_185' title='bbox 481 2455 688 2511; x_wconf 84' lang='lat' dir='ltr'><strong>annotationes</strong></span> <span class='ocrx_word' id='word_1_186' title='bbox 701 2450 810 2526; x_wconf 89' lang='lat' dir='ltr'><strong>dictat,</strong></span> <span class='ocrx_word' id='word_1_187' title='bbox 830 2449 890 2510; x_wconf 94' lang='lat' dir='ltr'><strong>hoc</strong></span> <span class='ocrx_word' id='word_1_188' title='bbox 904 2463 949 2511; x_wconf 90' lang='lat' dir='ltr'><strong>est</strong></span> <span class='ocrx_word' id='word_1_189' title='bbox 963 2453 1124 2530; x_wconf 89' lang='lat' dir='ltr'><strong>scripturas</strong></span> <span class='ocrx_word' id='word_1_190' title='bbox 1136 2451 1251 2525; x_wconf 84' lang='lat' dir='ltr'><strong>breves,</strong></span> 
     </span>
     <span class='ocr_line' id='line_1_25' title="bbox 152 2537 1253 2618; baseline -0.004 -24"><span class='ocrx_word' id='word_1_191' title='bbox 152 2538 262 2616; x_wconf 86' lang='lat' dir='ltr'><strong>quibus</strong></span> <span class='ocrx_word' id='word_1_192' title='bbox 278 2554 313 2594; x_wconf 86' lang='lat' dir='ltr'><strong>ea</strong></span> <span class='ocrx_word' id='word_1_193' title='bbox 326 2537 516 2596; x_wconf 87' lang='lat' dir='ltr'><strong>continentur</strong></span> <span class='ocrx_word' id='word_1_194' title='bbox 533 2555 610 2616; x_wconf 90' lang='lat' dir='ltr'><strong>quae</strong></span> <span class='ocrx_word' id='word_1_195' title='bbox 628 2539 772 2618; x_wconf 87' lang='lat' dir='ltr'><strong>principis</strong></span> <span class='ocrx_word' id='word_1_196' title='bbox 787 2540 910 2596; x_wconf 88' lang='lat' dir='ltr'><strong>nomine</strong></span> <span class='ocrx_word' id='word_1_197' title='bbox 927 2546 1097 2597; x_wconf 87' lang='lat' dir='ltr'><strong>statuuntur</strong></span> <span class='ocrx_word' id='word_1_198' title='bbox 1110 2545 1163 2592; x_wconf 89' lang='lat' dir='ltr'><strong>aut</strong></span> <span class='ocrx_word' id='word_1_199' title='bbox 1178 2553 1253 2592; x_wconf 88' lang='lat' dir='ltr'><strong>con-</strong></span> 
     </span>
     <span class='ocr_line' id='line_1_26' title="bbox 151 2618 1255 2703; baseline -0.004 -23"><span class='ocrx_word' id='word_1_200' title='bbox 151 2623 317 2681; x_wconf 86' lang='lat' dir='ltr'><strong>firmantur.</strong></span> <span class='ocrx_word' id='word_1_201' title='bbox 367 2618 422 2681; x_wconf 90' lang='lat' dir='ltr'><strong>sed</strong></span> <span class='ocrx_word' id='word_1_202' title='bbox 441 2631 471 2678; x_wconf 87' lang='lat' dir='ltr'><strong>et</strong></span> <span class='ocrx_word' id='word_1_203' title='bbox 487 2621 625 2700; x_wconf 87' lang='lat' dir='ltr'><strong>precibus</strong></span> <span class='ocrx_word' id='word_1_204' title='bbox 647 2621 823 2703; x_wconf 85' lang='lat' dir='ltr'><strong>respondet,</strong></span> <span class='ocrx_word' id='word_1_205' title='bbox 855 2620 914 2682; x_wconf 92' lang='lat' dir='ltr'><strong>hoc</strong></span> <span class='ocrx_word' id='word_1_206' title='bbox 932 2632 979 2681; x_wconf 90' lang='lat' dir='ltr'><strong>est</strong></span> <span class='ocrx_word' id='word_1_207' title='bbox 996 2638 1139 2700; x_wconf 88' lang='lat' dir='ltr'><strong>responsa</strong></span> <span class='ocrx_word' id='word_1_208' title='bbox 1161 2618 1255 2677; x_wconf 88' lang='lat' dir='ltr'><strong>dictat</strong></span> 
     </span>
     <span class='ocr_line' id='line_1_27' title="bbox 152 2701 1254 2787; baseline -0.003 -23"><span class='ocrx_word' id='word_1_209' title='bbox 152 2725 232 2787; x_wconf 90' lang='lat' dir='ltr'><strong>quae</strong></span> <span class='ocrx_word' id='word_1_210' title='bbox 245 2709 384 2786; x_wconf 89' lang='lat' dir='ltr'><strong>princeps</strong></span> <span class='ocrx_word' id='word_1_211' title='bbox 399 2706 511 2764; x_wconf 87' lang='lat' dir='ltr'><strong>libellis</strong></span> <span class='ocrx_word' id='word_1_212' title='bbox 527 2708 711 2787; x_wconf 85' lang='lat' dir='ltr'><strong>supplicibus</strong></span> <span class='ocrx_word' id='word_1_213' title='bbox 727 2706 854 2767; x_wconf 88' lang='lat' dir='ltr'><strong>dederit.</strong></span> <span class='ocrx_word' id='word_1_214' title='bbox 896 2705 1024 2766; x_wconf 87' lang='lat' dir='ltr'><strong>adhaec</strong></span> <span class='ocrx_word' id='word_1_215' title='bbox 1036 2705 1201 2785; x_wconf 84' lang='lat' dir='ltr'><strong>diplomata</strong></span> <span class='ocrx_word' id='word_1_216' title='bbox 1213 2701 1254 2761; x_wconf 90' lang='lat' dir='ltr'><strong>ad</strong></span> 
     </span>
     <span class='ocr_line' id='line_1_28' title="bbox 152 2789 1253 2872; baseline -0.005 -22"><span class='ocrx_word' id='word_1_217' title='bbox 152 2789 335 2850; x_wconf 89' lang='lat' dir='ltr'><strong>currendum</strong></span> <span class='ocrx_word' id='word_1_218' title='bbox 348 2793 470 2848; x_wconf 88' lang='lat' dir='ltr'><strong>nornine</strong></span> <span class='ocrx_word' id='word_1_219' title='bbox 488 2795 633 2872; x_wconf 86' lang='lat' dir='ltr'><strong>principio</strong></span> <span class='ocrx_word' id='word_1_220' title='bbox 649 2793 699 2852; x_wconf 85' lang='lat' dir='ltr'><strong>vel</strong></span> <span class='ocrx_word' id='word_1_221' title='bbox 714 2795 852 2872; x_wconf 82' lang='lat' dir='ltr'><strong>magistri</strong></span> <span class='ocrx_word' id='word_1_222' title='bbox 869 2793 1038 2851; x_wconf 84' lang='lat' dir='ltr'><strong>officiorum</strong></span> <span class='ocrx_word' id='word_1_223' title='bbox 1054 2790 1126 2849; x_wconf 88' lang='lat' dir='ltr'><strong>dare</strong></span> <span class='ocrx_word' id='word_1_224' title='bbox 1142 2809 1253 2847; x_wconf 92' lang='lat' dir='ltr'><strong>mune-</strong></span> 
     </span>
     <span class='ocr_line' id='line_1_29' title="bbox 153 2873 1254 2959; baseline -0.005 -25"><span class='ocrx_word' id='word_1_225' title='bbox 153 2879 195 2935; x_wconf 84' lang='lat' dir='ltr'><strong>ris</strong></span> <span class='ocrx_word' id='word_1_226' title='bbox 218 2874 353 2935; x_wconf 87' lang='lat' dir='ltr'><strong>eiusdem</strong></span> <span class='ocrx_word' id='word_1_227' title='bbox 373 2875 447 2949; x_wconf 87' lang='lat' dir='ltr'><strong>fuit,</strong></span> <span class='ocrx_word' id='word_1_228' title='bbox 469 2894 562 2956; x_wconf 87' lang='lat' dir='ltr'><strong>aquo</strong></span> <span class='ocrx_word' id='word_1_229' title='bbox 575 2875 740 2958; x_wconf 78' lang='grc' dir='ltr'><strong><em>λογοθὲτης</em></strong></span> <span class='ocrx_word' id='word_1_230' title='bbox 752 2881 809 2940; x_wconf 78' lang='grc' dir='ltr'><strong>τοῦ</strong></span> <span class='ocrx_word' id='word_1_231' title='bbox 824 2873 940 2959; x_wconf 77' lang='grc' dir='ltr'><strong><em>δρόμον</em></strong></span> <span class='ocrx_word' id='word_1_232' title='bbox 957 2875 1055 2935; x_wconf 85' lang='lat' dir='ltr'><strong>dictus</strong></span> <span class='ocrx_word' id='word_1_233' title='bbox 1072 2883 1128 2934; x_wconf 88' lang='lat' dir='ltr'><strong>ast.</strong></span> <span class='ocrx_word' id='word_1_234' title='bbox 1169 2882 1254 2930; x_wconf 88' lang='lat' dir='ltr'><strong>cete-</strong></span> 
     </span>
     <span class='ocr_line' id='line_1_30' title="bbox 151 2957 1252 3042; baseline -0.005 -22"><span class='ocrx_word' id='word_1_235' title='bbox 151 2980 222 3020; x_wconf 87' lang='lat' dir='ltr'><strong>rum</strong></span> <span class='ocrx_word' id='word_1_236' title='bbox 244 2959 326 3042; x_wconf 91' lang='lat' dir='ltr'><strong>apud</strong></span> <span class='ocrx_word' id='word_1_237' title='bbox 342 2957 563 3040; x_wconf 86' lang='lat' dir='ltr'><strong>Theophanem</strong></span> <span class='ocrx_word' id='word_1_238' title='bbox 578 2961 807 3037; x_wconf 79' lang='lat' dir='ltr'><strong>Constantinus,</strong></span> <span class='ocrx_word' id='word_1_239' title='bbox 827 2981 890 3020; x_wconf 92' lang='lat' dir='ltr'><strong>non</strong></span> <span class='ocrx_word' id='word_1_240' title='bbox 904 2958 1088 3034; x_wconf 83' lang='lat' dir='ltr'><strong>Antiochus,</strong></span> <span class='ocrx_word' id='word_1_241' title='bbox 1109 2959 1252 3039; x_wconf 88' lang='lat' dir='ltr'><strong>patricius</strong></span> 
     </span>
     <span class='ocr_line' id='line_1_31' title="bbox 153 3039 1252 3128; baseline -0.003 -24"><span class='ocrx_word' id='word_1_242' title='bbox 153 3045 263 3106; x_wconf 90' lang='lat' dir='ltr'><strong>dicitur</strong></span> <span class='ocrx_word' id='word_1_243' title='bbox 278 3056 308 3104; x_wconf 90' lang='lat' dir='ltr'><strong>et</strong></span> <span class='ocrx_word' id='word_1_244' title='bbox 319 3043 483 3127; x_wconf 75' lang='grc' dir='ltr'><strong><em>ίογοθίτης</em></strong></span> <span class='ocrx_word' id='word_1_245' title='bbox 495 3049 551 3108; x_wconf 78' lang='grc' dir='ltr'><strong>τοῦ</strong></span> <span class='ocrx_word' id='word_1_246' title='bbox 564 3039 690 3128; x_wconf 71' lang='grc' dir='ltr'><strong>δρόμον.</strong></span> <span class='ocrx_word' id='word_1_247' title='bbox 732 3049 818 3110; x_wconf 83' lang='lat' dir='ltr'><strong>cutus</strong></span> <span class='ocrx_word' id='word_1_248' title='bbox 837 3048 930 3108; x_wconf 85' lang='lat' dir='ltr'><strong>frater</strong></span> <span class='ocrx_word' id='word_1_249' title='bbox 946 3047 1112 3126; x_wconf 77' lang='lat' dir='ltr'><strong>strategius</strong></span> <span class='ocrx_word' id='word_1_250' title='bbox 1126 3039 1252 3124; x_wconf 88' lang='lat' dir='ltr'><strong>spatha-</strong></span> 
     </span>
     <span class='ocr_line' id='line_1_32' title="bbox 152 3130 693 3192; baseline -0.002 -1"><span class='ocrx_word' id='word_1_251' title='bbox 152 3135 214 3192; x_wconf 86' lang='lat' dir='ltr'><strong>rius</strong></span> <span class='ocrx_word' id='word_1_252' title='bbox 233 3143 262 3192; x_wconf 86' lang='lat' dir='ltr'><strong>et</strong></span> <span class='ocrx_word' id='word_1_253' title='bbox 278 3130 459 3192; x_wconf 87' lang='lat' dir='ltr'><strong>domesticus</strong></span> <span class='ocrx_word' id='word_1_254' title='bbox 473 3133 693 3190; x_wconf 87' lang='lat' dir='ltr'><strong>excubitorum.</strong></span> 
     </span>
    </p>
   </div>
   <div class='ocr_carea' id='block_1_6' title="bbox 148 3225 1252 4026">
    <p class='ocr_par' dir='ltr' id='par_1_7' title="bbox 148 3225 1252 3756">
     <span class='ocr_line' id='line_1_33' title="bbox 236 3225 1252 3314; baseline -0.005 -22"><span class='ocrx_word' id='word_1_255' title='bbox 236 3232 278 3291; x_wconf 84' lang='lat' dir='ltr'><strong>ib.</strong></span> <span class='ocrx_word' id='word_1_256' title='bbox 293 3237 388 3298; x_wconf 67' lang='lat' dir='ltr'><strong>cst.</strong></span> <span class='ocrx_word' id='word_1_257' title='bbox 430 3227 524 3313; x_wconf 77' lang='grc' dir='ltr'><strong><em>ὅρκον</em></strong></span> <span class='ocrx_word' id='word_1_258' title='bbox 548 3226 618 3297; x_wconf 84' lang='grc' dir='ltr'><strong><em>κατ’</em></strong></span> <span class='ocrx_word' id='word_1_259' title='bbox 639 3227 755 3314; x_wconf 71' lang='lat' dir='ltr'><strong>arisati]</strong></span> <span class='ocrx_word' id='word_1_260' title='bbox 777 3233 908 3313; x_wconf 80' lang='lat' dir='ltr'><strong>Augusti</strong></span> <span class='ocrx_word' id='word_1_261' title='bbox 931 3235 973 3299; x_wconf 82' lang='lat'><strong>30</strong></span> <span class='ocrx_word' id='word_1_262' title='bbox 999 3227 1106 3290; x_wconf 87' lang='lat' dir='ltr'><strong>ludict.</strong></span> <span class='ocrx_word' id='word_1_263' title='bbox 1125 3225 1147 3293; x_wconf 87' lang='grc'><strong>4</strong></span> <span class='ocrx_word' id='word_1_264' title='bbox 1169 3228 1252 3288; x_wconf 80' lang='lat' dir='ltr'><strong>Con-</strong></span> 
     </span>
     <span class='ocr_line' id='line_1_34' title="bbox 151 3313 1251 3400; baseline -0.005 -22"><span class='ocrx_word' id='word_1_265' title='bbox 151 3320 282 3378; x_wconf 88' lang='lat' dir='ltr'><strong>stantino</strong></span> <span class='ocrx_word' id='word_1_266' title='bbox 296 3315 528 3396; x_wconf 89' lang='lat' dir='ltr'><strong>patriarchatum</strong></span> <span class='ocrx_word' id='word_1_267' title='bbox 539 3319 663 3398; x_wconf 88' lang='lat' dir='ltr'><strong>abrogat</strong></span> <span class='ocrx_word' id='word_1_268' title='bbox 677 3313 864 3400; x_wconf 77' lang='grc' dir='ltr'><strong><em>ίὸμοίννμος</em></strong></span> <span class='ocrx_word' id='word_1_269' title='bbox 877 3319 1099 3393; x_wconf 86' lang='lat' dir='ltr'><strong>Constantinus,</strong></span> <span class='ocrx_word' id='word_1_270' title='bbox 1120 3334 1251 3395; x_wconf 87' lang='lat' dir='ltr'><strong>eumque</strong></span> 
     </span>
     <span class='ocr_line' id='line_1_35' title="bbox 150 3397 1251 3548; baseline -0.004 -85"><span class='ocrx_word' id='word_1_271' title='bbox 150 3405 285 3548; x_wconf 53' lang='lat' dir='ltr'><strong>pplippteusp</strong></span> <span class='ocrx_word' id='word_1_272' title='bbox 296 3405 330 3462; x_wconf 89' lang='lat' dir='ltr'><strong>iu</strong></span> <span class='ocrx_word' id='word_1_273' title='bbox 343 3405 487 3480; x_wconf 86' lang='lat' dir='ltr'><strong>Hieriam,</strong></span> <span class='ocrx_word' id='word_1_274' title='bbox 508 3403 580 3464; x_wconf 89' lang='lat' dir='ltr'><strong>inda</strong></span> <span class='ocrx_word' id='word_1_275' title='bbox 596 3407 630 3464; x_wconf 87' lang='lat' dir='ltr'><strong>in</strong></span> <span class='ocrx_word' id='word_1_276' title='bbox 641 3407 818 3486; x_wconf 84' lang='lat' dir='ltr'><strong>Principum</strong></span> <span class='ocrx_word' id='word_1_277' title='bbox 828 3405 962 3465; x_wconf 87' lang='lat' dir='ltr'><strong>insulam</strong></span> <span class='ocrx_word' id='word_1_278' title='bbox 974 3402 1123 3484; x_wconf 83' lang='lat' dir='ltr'><strong>deportat.</strong></span> <span class='ocrx_word' id='word_1_279' title='bbox 1143 3397 1251 3459; x_wconf 88' lang='lat' dir='ltr'><strong>Theo-</strong></span> 
     </span>
     <span class='ocr_line' id='line_1_36' title="bbox 148 3509 1250 3670; baseline -0.005 -17"><span class='ocrx_word' id='word_1_280' title='bbox 148 3509 170 3570; x_wconf 66' lang='lat' dir='ltr'>p</span> <span class='ocrx_word' id='word_1_281' title='bbox 235 3609 266 3670; x_wconf 86' lang='lat' dir='ltr'><strong>p·</strong></span> <span class='ocrx_word' id='word_1_282' title='bbox 280 3587 322 3653; x_wconf 88' lang='lat'><strong>84</strong></span> <span class='ocrx_word' id='word_1_283' title='bbox 336 3609 365 3648; x_wconf 81' lang='lat' dir='ltr'><strong>v.</strong></span> <span class='ocrx_word' id='word_1_284' title='bbox 380 3589 412 3652; x_wconf 84' lang='lat'><strong>3.</strong></span> <span class='ocrx_word' id='word_1_285' title='bbox 456 3582 596 3668; x_wconf 79' lang='grc' dir='ltr'><strong><em>Νικήταν</em></strong></span> <span class='ocrx_word' id='word_1_286' title='bbox 611 3585 662 3669; x_wconf 75' lang='grc' dir='ltr'><strong>δὲ]</strong></span> <span class='ocrx_word' id='word_1_287' title='bbox 683 3590 862 3650; x_wconf 79' lang='lat' dir='ltr'><strong>Novembris</strong></span> <span class='ocrx_word' id='word_1_288' title='bbox 876 3593 914 3655; x_wconf 84' lang='lat' dir='ltr'><strong>to</strong></span> <span class='ocrx_word' id='word_1_289' title='bbox 929 3587 998 3663; x_wconf 82' lang='lat' dir='ltr'><strong>dia,</strong></span> <span class='ocrx_word' id='word_1_290' title='bbox 1018 3582 1086 3647; x_wconf 84' lang='lat' dir='ltr'><strong>Iud.</strong></span> <span class='ocrx_word' id='word_1_291' title='bbox 1099 3583 1137 3658; x_wconf 78' lang='lat' dir='ltr'><strong>b,</strong></span> <span class='ocrx_word' id='word_1_292' title='bbox 1157 3585 1250 3644; x_wconf 67' lang='lat' dir='ltr'><strong>hicc-</strong></span> 
     </span>
     <span class='ocr_line' id='line_1_37' title="bbox 150 3667 1201 3756; baseline -0.006 -20"><span class='ocrx_word' id='word_1_293' title='bbox 150 3685 197 3736; x_wconf 90' lang='lat' dir='ltr'><strong>tas</strong></span> <span class='ocrx_word' id='word_1_294' title='bbox 213 3675 250 3733; x_wconf 91' lang='lat' dir='ltr'><strong>ab</strong></span> <span class='ocrx_word' id='word_1_295' title='bbox 263 3677 441 3756; x_wconf 85' lang='lat' dir='ltr'><strong>imperatore</strong></span> <span class='ocrx_word' id='word_1_296' title='bbox 454 3672 493 3732; x_wconf 84' lang='lat' dir='ltr'><strong>ad</strong></span> <span class='ocrx_word' id='word_1_297' title='bbox 507 3671 737 3754; x_wconf 86' lang='lat' dir='ltr'><strong>patriarchalem</strong></span> <span class='ocrx_word' id='word_1_298' title='bbox 750 3674 855 3736; x_wconf 88' lang='lat' dir='ltr'><strong>sedem</strong></span> <span class='ocrx_word' id='word_1_299' title='bbox 870 3685 992 3734; x_wconf 82' lang='lat' dir='ltr'><strong>evectus</strong></span> <span class='ocrx_word' id='word_1_300' title='bbox 1007 3681 1063 3732; x_wconf 85' lang='lat' dir='ltr'><strong>est.</strong></span> <span class='ocrx_word' id='word_1_301' title='bbox 1105 3667 1201 3730; x_wconf 88' lang='lat' dir='ltr'><strong>idem.</strong></span> 
     </span>
    </p>

    <p class='ocr_par' dir='ltr' id='par_1_8' title="bbox 151 3769 1250 4026">
     <span class='ocr_line' id='line_1_38' title="bbox 236 3769 1250 3858; baseline -0.004 -25"><span class='ocrx_word' id='word_1_302' title='bbox 236 3774 278 3834; x_wconf 83' lang='lat' dir='ltr'><strong>ib.</strong></span> <span class='ocrx_word' id='word_1_303' title='bbox 292 3795 321 3834; x_wconf 82' lang='lat' dir='ltr'><strong>v.</strong></span> <span class='ocrx_word' id='word_1_304' title='bbox 335 3782 366 3842; x_wconf 84' lang='grc'><strong>7.</strong></span> <span class='ocrx_word' id='word_1_305' title='bbox 410 3775 524 3858; x_wconf 80' lang='grc' dir='ltr'><strong><em>φορείῳ</em></strong></span> <span class='ocrx_word' id='word_1_306' title='bbox 544 3769 766 3856; x_wconf 78' lang='grc' dir='ltr'><strong><em>ἒποχοτίμενον]</em></strong></span> <span class='ocrx_word' id='word_1_307' title='bbox 791 3786 853 3835; x_wconf 85' lang='lat' dir='ltr'><strong>tam</strong></span> <span class='ocrx_word' id='word_1_308' title='bbox 873 3778 955 3834; x_wconf 87' lang='lat' dir='ltr'><strong>euim</strong></span> <span class='ocrx_word' id='word_1_309' title='bbox 974 3770 1135 3832; x_wconf 87' lang='lat' dir='ltr'><strong>crudeliter</strong></span> <span class='ocrx_word' id='word_1_310' title='bbox 1148 3773 1250 3850; x_wconf 89' lang='lat' dir='ltr'><strong>impe-</strong></span> 
     </span>
     <span class='ocr_line' id='line_1_39' title="bbox 151 3855 1249 3943; baseline 0 -25"><span class='ocrx_word' id='word_1_311' title='bbox 151 3861 258 3919; x_wconf 86' lang='lat' dir='ltr'><strong>ratoris</strong></span> <span class='ocrx_word' id='word_1_312' title='bbox 270 3863 355 3920; x_wconf 84' lang='lat' dir='ltr'><strong>iussu</strong></span> <span class='ocrx_word' id='word_1_313' title='bbox 368 3862 525 3940; x_wconf 80' lang='lat' dir='ltr'><strong>vapularet</strong></span> <span class='ocrx_word' id='word_1_314' title='bbox 536 3871 571 3918; x_wconf 91' lang='lat' dir='ltr'><strong>ut</strong></span> <span class='ocrx_word' id='word_1_315' title='bbox 582 3860 721 3920; x_wconf 85' lang='lat' dir='ltr'><strong>incedere</strong></span> <span class='ocrx_word' id='word_1_316' title='bbox 732 3882 795 3923; x_wconf 89' lang='lat' dir='ltr'><strong>non</strong></span> <span class='ocrx_word' id='word_1_317' title='bbox 808 3872 921 3943; x_wconf 67' lang='lat' dir='ltr'><strong>possm.</strong></span> <span class='ocrx_word' id='word_1_318' title='bbox 942 3858 981 3918; x_wconf 89' lang='lat' dir='ltr'><strong>de</strong></span> <span class='ocrx_word' id='word_1_319' title='bbox 995 3861 1061 3919; x_wconf 87' lang='lat' dir='ltr'><strong>eius</strong></span> <span class='ocrx_word' id='word_1_320' title='bbox 1072 3855 1249 3942; x_wconf 78' lang='grc' dir='ltr'><strong><em>καθατρίσα</em></strong></span> 
     </span>
     <span class='ocr_line' id='line_1_40' title="bbox 151 3943 615 4026; baseline 0.002 -23"><span class='ocrx_word' id='word_1_321' title='bbox 151 3964 188 4004; x_wconf 92' lang='lat' dir='ltr'><strong>ac</strong></span> <span class='ocrx_word' id='word_1_322' title='bbox 202 3949 388 4006; x_wconf 82' lang='lat' dir='ltr'><strong>acctuationa</strong></span> <span class='ocrx_word' id='word_1_323' title='bbox 401 3943 615 4026; x_wconf 86' lang='lat' dir='ltr'><strong>Theophanes.</strong></span> 
     </span>
    </p>
   </div>
   <div class='ocr_carea' id='block_1_7' title="bbox 153 4043 1250 4215">
    <p class='ocr_par' dir='ltr' id='par_1_9' title="bbox 153 4043 1250 4215">
     <span class='ocr_line' id='line_1_41' title="bbox 238 4043 1250 4133; baseline -0.003 -28"><span class='ocrx_word' id='word_1_324' title='bbox 238 4045 279 4104; x_wconf 73' lang='lat' dir='ltr'><strong>ab.</strong></span> <span class='ocrx_word' id='word_1_325' title='bbox 296 4067 327 4105; x_wconf 81' lang='lat' dir='ltr'><strong>r.</strong></span> <span class='ocrx_word' id='word_1_326' title='bbox 344 4049 395 4110; x_wconf 82' lang='lat'><strong>18.</strong></span> <span class='ocrx_word' id='word_1_327' title='bbox 436 4051 482 4131; x_wconf 74' lang='grc' dir='ltr'><strong>τῷ</strong></span> <span class='ocrx_word' id='word_1_328' title='bbox 493 4045 669 4132; x_wconf 80' lang='grc' dir='ltr'><strong><em>καίονμίνμ</em></strong></span> <span class='ocrx_word' id='word_1_329' title='bbox 681 4047 806 4133; x_wconf 66' lang='lat' dir='ltr'><strong>Mallos]</strong></span> <span class='ocrx_word' id='word_1_330' title='bbox 826 4045 878 4107; x_wconf 89' lang='lat' dir='ltr'><strong>adi</strong></span> <span class='ocrx_word' id='word_1_331' title='bbox 896 4044 1024 4106; x_wconf 86' lang='lat' dir='ltr'><strong>Suidsm</strong></span> <span class='ocrx_word' id='word_1_332' title='bbox 1038 4055 1069 4104; x_wconf 85' lang='lat' dir='ltr'><strong>ct</strong></span> <span class='ocrx_word' id='word_1_333' title='bbox 1082 4043 1250 4124; x_wconf 82' lang='lat' dir='ltr'><strong>curopala-</strong></span> 
     </span>
     <span class='ocr_line' id='line_1_42' title="bbox 153 4130 1250 4215; baseline -0.002 -23"><span class='ocrx_word' id='word_1_334' title='bbox 153 4143 205 4192; x_wconf 89' lang='lat' dir='ltr'><strong>ten</strong></span> <span class='ocrx_word' id='word_1_335' title='bbox 227 4134 290 4194; x_wconf 85' lang='lat' dir='ltr'><strong>sira</strong></span> <span class='ocrx_word' id='word_1_336' title='bbox 314 4131 474 4192; x_wconf 79' lang='lat' dir='ltr'><strong>Codinum.</strong></span> <span class='ocrx_word' id='word_1_337' title='bbox 517 4130 686 4193; x_wconf 85' lang='lat' dir='ltr'><strong>aedificium</strong></span> <span class='ocrx_word' id='word_1_338' title='bbox 705 4131 859 4215; x_wconf 88' lang='lat' dir='ltr'><strong>quoddam</strong></span> <span class='ocrx_word' id='word_1_339' title='bbox 876 4132 964 4213; x_wconf 76' lang='lat' dir='ltr'><strong>cpoli</strong></span> <span class='ocrx_word' id='word_1_340' title='bbox 976 4132 1036 4192; x_wconf 82' lang='lat' dir='ltr'><strong>fuit</strong></span> <span class='ocrx_word' id='word_1_341' title='bbox 1050 4132 1145 4212; x_wconf 85' lang='lat' dir='ltr'><strong>siguis</strong></span> <span class='ocrx_word' id='word_1_342' title='bbox 1158 4130 1250 4194; x_wconf 75' lang='lat' dir='ltr'><strong>variis</strong></span> 
     </span>
    </p>
   </div>
   <div class='ocr_carea' id='block_1_8' title="bbox 0 0 1514 4817">
    <p class='ocr_par' dir='ltr' id='par_1_10' title="bbox 0 0 1514 4817">
     <span class='ocr_line' id='line_1_43' title="bbox 0 0 1514 4817; baseline 0 1"><span class='ocrx_word' id='word_1_343' title='bbox 0 0 1514 4817; x_wconf 95' lang='lat' dir='ltr'><strong> </strong></span> 
     </span>
    </p>
   </div>
  </div>
 </body>
</html>
