3017 4817
575 310 820 381 PRAEFATIO.
1210 335 1247 382 sx

141 483 208 567 psit
226 490 331 542 noster
349 478 516 559 Georgius,
536 476 613 540 haec
633 490 720 541 sunt:
746 481 779 543 1.
798 476 1021 550 Heroiimeren,
1047 482 1078 544 2.
1098 482 1133 539 in
1141 478 1246 541 Hero-

144 587 256 657 dium,
280 588 322 649 8.·
338 583 376 643 de
390 582 467 643 tello
482 586 617 657 Persico,
643 582 675 647 4.
695 582 849 654 Abancc,
871 590 901 640 et
921 580 953 646 5.
975 582 1141 639 encomium
1152 582 1248 643 Ana-

145 688 237 751 wit
247 688 398 765 marm.
443 698 533 769 atque
552 685 586 746 id
606 684 731 768 quidem
743 704 806 745 non
818 686 890 744 satis
903 694 983 743 recte
996 681 1150 742 definitum
1165 696 1210 744 est
1227 706 1246 745 a
1318 719 1333 747 a

147 788 262 852 Snidaz
283 790 343 847 alia
358 790 440 848 enirn
455 768 592 849 eiusdem
605 790 732 848 auctoris
745 788 889 867 opuscula
901 788 988 845 nobis
999 787 1134 845 invenire
1149 788 1246 846 conti-

147 896 212 975 git,
234 912 312 975 qaae
324 912 343 949 a
355 890 450 952 Suida
460 912 522 952 non
533 903 753 967 memorantur,
775 892 824 949 rel
845 887 927 971 quod
940 907 1043 948 eorum
1052 891 1118 969 ipse
1129 890 1247 948 nullam

145 994 291 1057 imbuerit
312 996 468 1072 notitiam,
491 997 541 1054 rel
562 992 658 1077 quod,
678 1003 713 1053 ut
734 1004 837 1051 tamen
853 994 1042 1051 minuerem
1061 1012 1127 1051 esse
1147 994 1247 1051 similo

147 1096 239 1157 nobis
258 1094 390 1172 ridetur,
414 1116 450 1156 ea
468 1118 533 1158 esse
551 1094 770 1173 contemnenda
782 1096 940 1175 putaverit.
983 1114 1018 1153 ac
1032 1099 1062 1160 1.
1075 1093 1113 1154 de
1124 1098 1247 1157 Hexae-

147 1218 251 1275 mero,
273 1198 357 1280 quod
377 1198 513 1259 adfirmat
536 1200 661 1279 longum
679 1200 773 1259 fuisse
793 1206 918 1279 poima,
945 1194 1027 1280 quod
1046 1198 1140 1257 tribus
1162 1198 1247 1257 mille

149 1304 276 1362 auarus
291 1312 454 1379 constaret,
477 1300 645 1361 dubitarem
659 1303 799 1376 omnino,
821 1321 860 1359 an
870 1298 905 1358 id
916 1319 1050 1381 unquam
1063 1321 1169 1361 verum
1181 1322 1247 1361 esse

148 1404 298 1484 potuerit,
321 1422 389 1461 cum
401 1405 510 1463 nullibi
523 1414 665 1484 appareat
678 1406 889 1463 Hexaemeron
902 1424 968 1463 esse
982 1404 1141 1482 mutilum,
1163 1417 1248 1465 etex

149 1505 292 1577 omnibus
304 1503 455 1565 codicibus
470 1504 629 1584 diligenter
638 1508 773 1566 excussis
787 1517 876 1588 atque
889 1507 1016 1565 evolutis
1032 1510 1088 1566 vix
1102 1506 1161 1567 duo
1174 1508 1248 1566 mil-

149 1608 196 1667 lia
216 1609 384 1668 iamborum
405 1610 492 1668 nobis
512 1610 652 1689 colligere
665 1610 793 1669 licuerit.
837 1628 928 1691 quara
944 1619 990 1667 tot
1005 1629 1108 1670 versus
1124 1612 1247 1670 interci-
1339 1597 1348 1628 ‘¹

151 1706 235 1773 dius
245 1708 424 1790 persuadere
438 1709 515 1769 mihi
528 1732 591 1772 non
603 1723 755 1793 poteram,
778 1733 813 1771 ac
823 1714 923 1791 potius
935 1710 1080 1771 mendum
1090 1716 1123 1772 in
1135 1712 1248 1774 Suidae

149 1820 270 1871 textum
290 1814 445 1893 irrepsisse
468 1812 589 1875 mecum
611 1818 676 1894 ipse
700 1816 883 1894 cogitabam,
904 1824 940 1873 ut
962 1834 1017 1894 pro
1039 1817 1183 1897 τρισχίλια
1198 1814 1247 1875 le·
1261 1833 1290 1891 p.
1305 1815 1334 1871 X

149 1912 284 1993 gendum
305 1926 383 1975 esset
402 1916 540 1997 δισχίλια.
581 1938 702 1994 verum,
724 1920 751 1977 si
766 1919 866 1997 placet
883 1916 1030 1999 quosdam
1047 1921 1137 1976 etiem
1150 1920 1248 1978 versi-

150 2018 234 2077 culos
247 2036 288 2077 ex
298 2016 358 2077 hoc
371 2030 509 2099 poemate
523 2020 642 2082 arrrlsos
654 2018 832 2096 desiderari,
853 2040 917 2079 non
929 2021 1062 2098 negabo:
1085 2042 1154 2080 cum
1167 2024 1249 2080 enim

150 2128 251 2177 totum
269 2131 383 2180 constet
398 2122 502 2181 maltis
517 2123 605 2203 quasi
616 2124 770 2202 particulis
783 2133 814 2181 et
827 2122 985 2197 membris,
1010 2123 1054 2180 nil
1071 2125 1161 2202 plane
1171 2124 1248 2182 faci-

149 2220 213 2278 lius
229 2238 321 2301 quam
335 2232 368 2281 ut
381 2226 598 2303 exscriptorum
610 2226 726 2283 incuria
739 2244 800 2282 una
812 2225 862 2282 vel
875 2225 967 2282 altera
982 2225 1104 2303 perierit
1118 2235 1149 2283 et
1161 2226 1250 2284 efflu-

149 2322 234 2379 xerit
252 2340 294 2380 ex
308 2324 367 2383 illis
384 2323 648 2405 descriptionibus,
670 2346 744 2407 quas
765 2324 802 2385 de
821 2323 958 2407 lapidum
975 2327 1205 2407 plantarumque
1221 2337 1251 2386 et

150 2425 331 2483 animalium
349 2429 543 2507 qualitatibus
562 2430 689 2489 fortasse
705 2427 869 2488 exhibebat
883 2440 996 2488 auctor.
1037 2426 1071 2489 id
1083 2438 1185 2488 autem
1199 2449 1252 2488 co-

150 2524 234 2587 dices
246 2528 306 2606 ipsi
320 2530 493 2589 confinnere
507 2528 663 2606 videntur,
684 2534 717 2590 in
737 2534 846 2614 quibus
865 2533 1019 2607 omnibus,
1042 2533 1069 2591 si
1083 2552 1178 2590 uotam
1191 2533 1254 2591 Va-

150 2626 286 2686 ticanum
300 2632 381 2694 1126
395 2634 539 2712 excipias,
560 2654 719 2715 perperam
734 2636 888 2715 scriptum,
908 2636 1122 2715 interpolatum
1135 2656 1170 2693 ao
1181 2656 1253 2693 mu·
1292 2701 1295 2704 ,

151 2729 244 2788 tilam
264 2733 475 2794 Hexaemeron
497 2734 713 2816 deprehendes.
756 2742 788 2801 2.
810 2740 844 2796 in
865 2738 1040 2798 Heraclium
1061 2740 1153 2817 imp,
1175 2755 1253 2818 quae

153 2829 267 2891 fluidas
278 2842 402 2895 testatur
412 2840 565 2918 scripsisse
576 2838 722 2915 Pisidam,
744 2850 815 2899 sunt
827 2841 917 2922 plane
933 2860 1068 2898 acroases
1081 2850 1153 2914 tres,
1176 2857 1254 2917 quae

153 2936 258 2993 statim
271 2939 303 2994 in
315 2940 462 3019 principio
476 2938 600 3003 huiusce
614 2944 689 3003 tomi
703 2954 858 3001 occurrent
872 2943 928 3001 sub
943 2940 1001 2999 hoc
1013 2941 1119 2999 titulo:
1141 2939 1185 3014 εἷς
1197 2912 1255 3017 driu

151 3034 229 3101 nosci
243 3042 375 3123 Περσῶν
386 3041 759 3128 inospossloc'ilposieioo
770 3048 826 3107 τοῦ
837 3043 988 3127 βασιλέως.
1031 3040 1089 3102 hoc
1103 3060 1178 3121 opus
1190 3059 1253 3098 ama

153 3160 223 3199 oum
236 3142 314 3219 aliis,
337 3164 415 3226 quae
431 3144 570 3227 deinceps
584 3168 602 3207 a
617 3146 712 3208 Suida
722 3145 893 3223 laudantur,
914 3144 1099 3205 intercidisse
1116 3144 1252 3203 omnium

153 3246 269 3321 primus
290 3248 449 3307 arbitratus
467 3260 512 3309 est
525 3254 684 3328 Kustems,
707 3272 742 3310 ac
756 3262 825 3331 post
839 3271 909 3310 eum
923 3252 1019 3325 Cave,
1041 3249 1093 3329 qui
1109 3247 1200 3304 etiam
1213 3242 1251 3303 de

154 3366 210 3405 suo
224 3348 313 3409 nobis
332 3351 464 3411 obtrudit
481 3374 616 3413 acroases
633 3353 669 3413 de
686 3355 825 3413 Heraclio
844 3365 967 3433 agentes
982 3352 1139 3411 historiam
1151 3368 1251 3407 rerum

153 3447 197 3505 ab
208 3452 353 3511 Heaetto
362 3466 519 3534 gestarum
530 3468 558 3515 et
568 3456 641 3514 belli
652 3458 769 3515 Persici
779 3460 940 3519 continere.
968 3457 1085 3515 utinam
1095 3450 1252 3511 historiam

153 3553 255 3630 potios
270 3573 363 3635 quam
376 3561 493 3619 ieiunos
505 3560 667 3620 versiculos
680 3561 846 3639 scripsisset
855 3558 967 3635 Pisida,
990 3578 1030 3617 ex
1044 3556 1152 3639 quibus
1164 3574 1253 3632 saepe

153 3650 290 3714 divinare
311 3660 365 3717 rix
381 3664 478 3740 possis
498 3661 572 3744 quid
593 3665 658 3743 ipse
679 3664 798 3722 sentiat.
842 3661 977 3723 Oudinus
1005 3662 1107 3720 omnia
1133 3652 1254 3714 Pisidae

152 3774 247 3833 opera
260 3776 279 3815 a
293 3760 388 3821 Soida
404 3774 569 3824 memorata
584 3776 703 3824 exstare
719 3767 752 3823 in
765 3763 947 3824 bibliotheca
960 3765 1104 3824 Vaticana
1120 3778 1161 3817 ex
1174 3756 1261 3815 Mal-⁴

152 3860 225 3917 treti
244 3864 430 3939 praefatione
448 3870 482 3927 in
500 3871 682 3948 Procopium
704 3865 863 3943 didicerat,
888 3866 943 3927 sed
959 3868 1025 3946 ipso
1043 3882 1164 3946 quoque
1187 3879 1257 3918 curn

149 3961 237 4022 care
250 3966 283 4023 in
297 3988 429 4029 errorem
444 3970 590 4030 adductam
607 3971 764 4030 satoriam
777 3971 815 4029 de
824 3969 912 4029 rebus
926 3968 1068 4028 Heraclei
1079 3965 1167 4025 nobis
1182 3964 1255 4022 reli—

151 4064 259 4143 quisse
279 4067 415 4132 Pisidam
436 4076 630 4135 existimavit.
673 4072 762 4149 inde,
784 4083 819 4132 ut
839 4074 953 4148 sentio,
976 4089 1081 4130 eorum
1103 4077 1185 4127 ortus
1212 4076 1258 4126 est

150 4186 253 4244 error,
275 4170 359 4251 quod
380 4186 449 4235 ante
473 4178 645 4236 Maltretum
668 4198 707 4237 ex
727 4175 839 4237 Suidae
852 4186 941 4234 textu
954 4194 1015 4233 non
1032 4174 1105 4231 satis
1118 4172 1258 4253 liqueret,

152 4292 237 4355 quae
264 4288 367 4338 noster
390 4280 537 4359 Georgius
565 4291 661 4339 metro
691 4278 832 4341 adstricta
854 4288 884 4337 et
904 4296 982 4360 quae
1004 4276 1103 4337 soluta
1125 4276 1258 4336 oratione
