3017 4817
251 288 324 365 ild
697 284 904 357 nmnunu

247 454 442 535 scriptionem
460 448 661 514 adomemntt
686 474 761 514 nam
778 456 888 515 Petrus
908 452 1027 534 Gylllns
1045 448 1150 512 virdo
1167 470 1201 510 re
1221 451 1355 512 literaria

246 544 361 621 optime
374 542 500 600 meritus
513 538 586 599 hoio
601 542 699 600 lebori
712 544 850 601 maxima
870 560 941 599 oum
952 536 1042 598 laude
1054 539 1205 610 inoubuit3
1228 548 1260 595 et
1275 556 1355 617 pau·
1476 579 1477 592 r

246 630 290 687 oie
314 634 383 685 ante
404 628 492 685 sonis
516 626 707 686 doctissimus
726 628 901 705 Duoengius
918 627 1077 685 uberrimis
1091 644 1127 683 ao
1143 622 1353 683 eruditissimis

246 714 470 771 commentariis
484 713 572 771 Pauli
588 714 757 773 silentiarii
773 712 1004 792 descriptionem
1018 711 1051 770 S.
1067 708 1201 790 Sophiae
1219 708 1355 767 illustre-

245 800 309 871 rit3
334 798 387 878 qui
401 816 474 856 sane
487 808 657 877 postremos
671 802 798 879 soriptor
810 800 853 856 ite
867 795 947 855 liano
958 816 1023 856 rem
1035 798 1173 856 tmotarit
1184 804 1219 853 nt
1231 795 1285 852 rix
1295 793 1356 851 eli-

247 880 322 964 quid
345 884 418 940 novi
440 902 475 941 ao
495 885 679 945 inobservatl
701 886 764 944 illis
783 881 896 942 addere
916 884 1068 965 quispiam
1084 882 1189 961 possit.
1205 874 1242 957 *)
1283 876 1354 937 laino
1478 947 1479 950 Ἴ

246 988 337 1048 porro
358 968 473 1027 faotnm
492 980 538 1029 eet
564 981 597 1029 ut
619 970 726 1029 breves
748 968 913 1029 admodum
936 969 1166 1028 oommentarios
1187 966 1222 1023 in
1242 962 1356 1023 deseri-
1478 965 1479 968 ’

245 1057 383 1134 ptionem
398 1053 480 1113 eedie
497 1052 669 1135 Sophianae
683 1058 975 1127 eonoinneverimns‚
997 1064 1028 1112 et
1042 1055 1074 1111 in
1090 1051 1173 1111 hisee
1187 1070 1223 1109 ea
1236 1060 1355 1108 tentum

246 1158 424 1199 moneamus
448 1158 526 1221 quaa
548 1143 598 1199 vel
620 1144 789 1202 necessaria
818 1160 884 1201 esse
912 1139 1056 1198 duximus
1079 1136 1118 1195 ed
1141 1132 1355 1196 illustrandum
1479 1133 1480 1160 ³

248 1227 401 1304 scriptoris
423 1228 518 1285 nostri
540 1246 677 1303 sensum,
700 1227 750 1285 vel
772 1228 873 1285 minus
886 1227 924 1283 ab
940 1226 1007 1283 aliis
1021 1224 1178 1282 observata
1192 1222 1286 1280 inisse
1305 1240 1356 1279 ar·

246 1312 404 1369 bitramnr.
446 1330 553 1371 rerum
574 1332 644 1370 oum
664 1332 765 1394 neque
783 1332 820 1371 ea
840 1330 918 1392 quae
940 1308 978 1379 de
1001 1312 1093 1369 reriis
1115 1308 1250 1389 pertibus
1271 1304 1355 1365 aedis

249 1393 421 1475 Sophienee
444 1396 481 1453 ab
502 1399 664 1477 Anonymo
684 1409 786 1458 nostro
804 1394 958 1471 dicuntur,
979 1414 1080 1477 neque
1094 1413 1130 1452 aa
1143 1412 1221 1474 quae
1237 1393 1355 1450 anobis

249 1482 293 1539 ibi
311 1482 465 1540 observate
479 1492 564 1559 sunt,
586 1484 700 1563 ubsque
716 1481 850 1543 subsidio
862 1483 1034 1541 tabularum
1047 1499 1124 1562 quae
1135 1482 1235 1559 ipram
1248 1474 1355 1536 aedem

250 1576 474 1643 repraesentent
494 1572 609 1647 percipi
630 1570 763 1647 possint,
784 1570 920 1627 maxime
943 1586 1014 1626 oum
1037 1566 1167 1624 tabellae
1186 1565 1259 1622 illue
1279 1582 1355 1644 quas

216 1675 221 1685 ·
252 1650 367 1731 profert
385 1650 558 1729 Duoaugins
577 1656 677 1713 minus
697 1666 854 1712 accuratae
869 1663 1048 1712 oensesntnr
1061 1653 1135 1709 viris
1151 1648 1263 1723 doctis,
1285 1647 1355 1708 ideo

251 1732 302 1794 hio
315 1737 449 1815 quinque
464 1738 590 1795 tabellas
605 1756 623 1794 a
636 1737 769 1796 Grelotio
784 1736 949 1797 delineatas
960 1756 1129 1817 proponere
1141 1737 1266 1815 pleouit,
1281 1753 1356 1816 quas

252 1819 377 1901 quidem
391 1824 627 1880 accuratissimus
642 1840 707 1881 esse
722 1832 859 1881 asserunt
872 1824 929 1881 riri
939 1820 1050 1881 eruditi
1064 1831 1095 1879 et
1108 1818 1356 1880 erchiteotonieae

252 1908 325 1963 artis
347 1906 454 1984 periti,
477 1908 530 1986 qui
553 1904 661 1965 aedem
682 1905 870 1987 Sophianam
892 1906 946 1966 diu
968 1908 1027 1986 ipsi
1050 1908 1145 1966 oeulis
1163 1906 1356 1985 contemplati

249 2000 330 2050 sunt.
375 2000 405 2048 et
425 1992 523 2069 prima
545 1990 670 2072 quidem
683 1994 796 2051 tabella
812 1990 1063 2074 iehnogmphiam
1079 1989 1163 2051 saedis
1176 1992 1209 2050 S.
1223 1988 1357 2071 Sophiae

250 2072 391 2151 exhibet,
413 2075 545 2135 secunda
566 2087 759 2157 prospectum
777 2080 958 2136 exteriorem
976 2078 1239 2157 septentrionalem
1255 2087 1286 2135 et
1303 2096 1357 2135 oo-

250 2159 387 2235 eidnum,
417 2164 505 2219 tertia
532 2174 725 2243 prospectum
754 2164 935 2221 exteriorem
960 2162 1201 2221 meridionalem.
1249 2172 1357 2243 quer-ts

250 2258 352 2305 nutem
371 2245 483 2305 inbelle
504 2260 697 2328 prospectum
710 2250 885 2307 interiorem
899 2244 1035 2307 eiusdem
1047 2246 1130 2306 aedis
1142 2266 1247 2306 versus
1261 2248 1356 2307 altare

249 2342 464 2411 repraesentat.
514 2336 620 2413 quinta
649 2332 782 2415 denique
805 2343 999 2414 proepeotum
1027 2334 1154 2392 alterum
1181 2334 1356 2392 interiorem

249 2420 344 2495 ipsius
372 2415 474 2490 aedis,
497 2418 585 2475 alteri
607 2416 784 2492 adversum,
806 2438 842 2477 ao
865 2422 941 2478 ostia
964 2438 1069 2478 versus
1089 2416 1225 2476 exhibet.
1272 2415 1356 2477 hisce

250 2512 352 2560 autem
379 2501 499 2559 tabellis
524 2521 674 2581 apponere
697 2504 798 2561 visum
821 2515 867 2562 eat
887 2503 1052 2563 earundem
1068 2504 1303 2584 explicationem
1319 2502 1368 2561 ab

250 2585 360 2645 eodem
390 2585 523 2644 Grelotio
553 2587 668 2646 Gallico
701 2584 846 2645 idiomate
876 2592 1104 2648 oonoinnatamt
1133 2606 1208 2647 nsm
1229 2606 1270 2648 ne
1292 2590 1357 2648 eius

249 2670 341 2731 verba
353 2673 463 2729 Latine
477 2671 610 2730 fenerem
623 2672 714 2731 emioi
728 2690 885 2733 monuere.

141 2940 236 3001 Pili
319 2936 590 2998 mmctnon
609 2936 686 2998 DES
707 2940 877 3002 nnnv01s
897 2940 964 3015 901
983 2938 1091 3003 som·
1109 2942 1165 3003 All
1184 2942 1292 3003 mn

607 3058 661 3117 nit
684 3058 831 3121 sAntTn
852 3060 1006 3122 sonum.

251 3230 288 3303 rit
307 3226 355 3286 Le
378 3224 482 3285 noillerr
503 3224 541 3285 de
563 3224 677 3309 llglrbe
697 3228 735 3289 de
760 3228 866 3289 Salate
888 3228 1000 3309 Sophia
1019 3241 1141 3289 movere
1160 3230 1236 3291 olem
1252 3230 1359 3312 grand

337 3310 437 3383 cllum,
460 3313 515 3392 qni
527 3322 568 3369 eol
579 3308 601 3371 ὰ
614 3335 648 3371 oe
662 3334 719 3395 que
732 3314 796 3374 l'on
808 3316 855 3375 die
867 3316 905 3375 de
915 3316 1017 3395 pierre
1022 3337 1133 3396 pones.
1182 3318 1223 3379 Co
1237 3316 1323 3377 ddme
1334 3337 1357 3377 a

337 3394 473 3455 dix-hott
491 3398 577 3455 toloee
594 3398 631 3459 de
646 3400 801 3460 dumetrs.

249 3482 279 3541 A
304 3480 383 3541 C'eet
397 3480 536 3555 l'endrolt
550 3478 590 3541 od
604 3487 688 3543 estoit
700 3485 846 3567 autrefois
862 3484 891 3543 le
904 3484 972 3545 seul
984 3484 1069 3544 autd
1080 3484 1118 3544 de
1130 3496 1204 3545 cette
1217 3486 1319 3568 lgliee.

249 3568 276 3627 B
297 3568 343 3627 Le
358 3564 497 3625 mehrabe
509 3566 561 3627 dea
582 3572 689 3643 livea,
707 3572 780 3631 o'eot
793 3592 905 3631 comme
917 3572 983 3631 leur
989 3572 1087 3644 unul,
1100 3591 1167 3629 vere
1179 3572 1281 3652 lequel
1290 3585 1357 3631 tour

333 3652 376 3711 leo
390 3652 605 3715 Makonwtam
616 3677 647 3715 os
660 3668 800 3717 tourrsent
806 3679 891 3737 pour
895 3658 983 3737 faire
996 3658 1063 3715 leur
1069 3656 1181 3737 padre,⁸
1203 3658 1231 3715 il
1242 3658 1358 3738 estsus't

333 3738 371 3797 de
382 3760 490 3797 meante
501 3740 614 3819 qrs’rsne
631 3742 719 3801 nieles
734 3742 814 3803 alares
831 3744 962 3823 laquelle
977 3764 1018 3803 on
1031 3754 1091 3801 met
1105 3742 1279 3802 l'Alooran.
1324 3741 1364 3803 Il

333 3824 461 3905 regarde
479 3828 511 3883 lo
526 3828 654 3907 Meequa
668 3826 708 3887 οὰ
722 3841 764 3887 eet
779 3829 808 3887 le
825 3828 964 3890 tombeau
978 3830 1015 3889 de
1030 3828 1203 3903 Maioma,
1222 3848 1289 3891 vere
1303 3829 1356 3910 qul

334 3920 428 3969 tontes
443 3908 487 3970 lea
500 3914 661 3995 Moequles
675 3926 742 3975 sont
758 3916 905 3976 loomim.

255 4167 259 4179 ’
317 4164 352 4235 *)
386 4166 574 4223 Recentiornm
591 4164 660 4221 adde
676 4166 825 4221 Gibbonem
841 4168 921 4293 (esp.
936 4165 1006 4238 40),
1023 4164 1161 4223 Fossslem
1178 4165 1283 4235 (storia
1295 4162 1356 4220 dell'

251 4234 425 4291 architettura
448 4243 470 4291 t.
491 4236 509 4291 2
531 4252 560 4307 p.
582 4238 668 4308 121),
698 4234 860 4309 Alpbonsun

252 4312 275 4359 e
292 4304 328 4375 4)
906 4256 922 4293 ο
947 4237 976 4291 n
1003 4236 1121 4293 Moeno
1144 4236 1223 4309 (rm
1248 4235 1354 4291 ottone.
