3017 4817
410 295 467 364 AD
492 295 776 368 aletrannum
799 296 953 366 NOTAE.
1182 295 1234 368 95

125 463 181 525 ubi
197 455 462 546 ἧᾶιιοιιριόσιμνς
474 457 564 544 deutri
578 460 619 529 56
633 461 739 524 diebus
755 473 825 525 ante
837 461 950 545 paseha
966 465 1144 525 celebratur.
1187 473 1236 524 at·-

126 568 189 631 que
201 547 286 610 idem
299 548 379 630 apud
390 550 537 609 Albinum
550 550 693 610 Flaccum
706 552 819 631 legitur
830 553 886 611 lib.
900 551 938 610 de
949 553 1068 611 Divinis
1082 549 1140 610 0ff.
1153 569 1181 608 c.
1195 549 1236 610 da

125 637 274 716 Septuag.
286 633 336 694 bis
348 637 465 697 verbis:
492 635 604 694 Graeci
607 639 782 714 prorutum
792 637 1025 709 hebdomadum,
1046 638 1082 696 id
1094 647 1237 694 ertema-

122 723 289 800 gess'mnm,
300 721 494 798 monnone
504 741 559 780 ezec
571 722 681 780 ieiunio
681 765 695 794 ,
709 723 811 781 clerici
822 726 918 782 nostri
927 734 1048 781 anctore
1060 719 1236 798 Telesphoro

121 827 213 885 papa
226 817 409 887 sequentem,
429 805 466 866 id
477 815 523 866 est
538 809 834 887 quinquagesinum,
855 811 911 888 qui
927 809 1110 868 consuunt?
1122 805 1237 864 hebdo-

125 891 292 950 madorum
318 893 467 950 ιἰἰιιιιίιιιιι
494 901 565 949 one
587 893 717 970 ραιοΙια.
763 896 848 954 cuius
867 896 998 952 instituti
1022 911 1058 952 ea
1078 894 1155 950 ratio
1179 901 1236 951 est.

126 977 239 1035 Graeci
264 975 313 1036 die
340 975 491 1036 dominico
512 988 542 1036 et
565 977 688 1038 sabbato
708 999 771 1038 non
791 982 945 1054 ieiunant,
967 987 1095 1056 excepto
1111 976 1236 1035 sabbato

126 1081 260 1140 magno,
282 1081 323 1122 ex
340 1065 524 1142 praescripto
546 1064 656 1122 veteris
676 1067 816 1140 canonis,
838 1067 892 1145 qni
909 1074 954 1124 est
966 1067 1045 1122 inter
1057 1064 1237 1141 apostolicos

126 1147 191 1221 653
221 1149 270 1205 cni
297 1145 422 1227 quidem
449 1167 522 1206 usus
552 1146 745 1208 occidentalis
771 1151 915 1255 ιοιιιτὶρο
938 1148 1103 1227 derogavit.
1136 1150 1239 1250 igitur

125 1231 433 1314 quemadmodumS.
447 1235 585 1290 Romane
601 1233 743 1306 ecclesia,
766 1253 843 1313 qnae
857 1225 1165 1314 ιὴντεσσαραιιοσιιὶν
1179 1235 1237 1290 1ιι1ι

127 1335 147 1375 a
161 1317 313 1378 dominica
326 1335 404 1399 qnae
417 1317 699 1418 quinquagesimam
710 1321 862 1395 seqnitur,
885 1329 1046 1399 quaternos
1067 1316 1133 1376 dies
1149 1315 1237 1376 adie-

127 1404 172 1462 cit
195 1414 227 1462 et
244 1413 323 1462 retro
344 1403 493 1461 ieiunium
508 1402 660 1479 promovit
675 1399 714 1460 ad
729 1402 838 1461 feriam
855 1401 893 1477 4,
915 1421 1008 1483 qnam
1026 1404 1139 1480 capnt'
1129 1404 1238 1461 ieiunii

126 1489 254 1548 rituales
273 1489 344 1546 libri
362 1496 479 1545 veteres
501 1486 671 1564 appellant,
691 1497 727 1545 nt
741 1484 905 1547 Christiani
919 1489 966 1552 40
977 1486 1043 1546 dies
1054 1485 1166 1546 solidos
1179 1485 1238 1589 τήν

128 1567 390 1652 sesopscpisqs’
369 1565 489 1652 αττοχήν
505 1590 567 1629 non
585 1569 677 1630 modo
698 1577 798 1650 κρεῶν
818 1593 925 1632 verum
946 1574 1038 1630 etiam
1059 1571 1118 1630 cibi
1139 1576 1237 1632 omnis

127 1659 308 1732 observent,
329 1667 487 1738 propterea
508 1654 590 1736 qnod
610 1675 627 1714 a
645 1654 795 1716 dominica
810 1656 853 1723 40
868 1655 908 1716 ad
924 1659 1084 1716 sabbatum
1100 1669 1239 1716 sanctum

130 1741 198 1803 dies
217 1753 287 1802 sunt
306 1741 366 1816 42,
389 1740 427 1800 da
450 1741 559 1823 quibus
581 1744 601 1804 6
624 1737 831 1802 dominicis'
809 1737 1003 1821 ανηατιιὶτοις
1025 1745 1174 1822 exemptis
1195 1746 1239 1806 36

130 1827 282 1888 duntaxat
294 1787 408 1886 residui
420 1836 490 1886 sunt
510 1824 600 1904 (ideo
613 1831 752 1907 quaterni
767 1829 815 1886 illi
828 1825 892 1887 dies
906 1839 992 1886 extre
1005 1827 1143 1886 ordinem
1152 1847 1238 1886 arro·

129 1912 262 1994 gandi),
283 1914 327 1970 ita
343 1914 461 1992 graeci,
481 1913 534 1992 qni
550 1910 681 1972 sabbatis
696 1933 848 1994 peraeque
862 1933 898 1972 ao
912 1912 1070 1972 dominicis
1084 1931 1145 1971 non
1158 1915 1239 1970 iein-
1346 1988 1349 1994 Ι

129 2009 225 2073 nant,
247 1995 434 2077 proindeque
456 1993 494 2054 de
519 2001 559 2062 86
583 1995 688 2057 diebus
710 2002 730 2061 6
752 2000 827 2058 alios
841 2010 900 2056 ant
908 2000 1016 2058 saltem
1029 1998 1049 2062 5
1064 1997 1238 2077 decerpunt,

132 2085 175 2147 10
197 2043 263 2141 dies
286 2099 328 2140 ex
352 2079 596 2140 antecedentibus
627 2093 770 2162 repetunt
791 2094 822 2142 et
843 2087 1006 2142 anteriores
1032 2080 1239 2142 habdomades

132 2167 211 2228 duas
233 2165 394 2242 adiiciunt,
416 2185 456 2226 ex
478 2167 588 2268 quibus
606 2165 764 2228 dominicis
778 2167 894 2228 duabus
908 2168 1095 2273 totidemque
1107 2169 1240 2229 sabbatis

132 2254 295 2333 expunctis
310 2253 350 2314 10
365 2262 435 2312 sunt
447 2244 587 2316 ἀπόσιτοι
602 2251 683 2330 dies,
704 2252 782 2313 adeo
795 2264 830 2313 nt
841 2258 999 2314 universae
1013 2247 1239 2335 ἅτινιιρεοὶσιμοι
1253 2263 1278 2317 Ρ
1294 2261 1330 2318 66

133 2337 200 2398 dies
219 2341 280 2397 sint
295 2331 397 2412 56,'
377 2330 516 2401 ατιὸσιτοι
528 2356 599 2397 vero
614 2337 656 2404 40
670 2339 721 2400 ιι1
733 2338 786 2404 41.
829 2359 870 2398 ex
887 2337 935 2399 his
950 2349 1034 2419 patet
1048 2340 1241 2419 cpolitanum

130 2424 283 2527 populum
303 2441 364 2480 non
380 2421 422 2486 53
440 2419 504 2482 dies
519 2441 574 2502 pro
588 2420 646 2500 46,
668 2435 703 2483 ut
719 2434 805 2505 putat
822 2424 972 2504 Scaliger,
995 2421 1049 2484 sed
1062 2443 1117 2504 pro
1135 2423 1177 2488 56
1191 2424 1240 2481 le·

132 2510 249 2589 gitimis
267 2507 310 2573 68
331 2527 348 2564 a
372 2508 510 2566 carnibus
533 2469 720 2570 abstinuisse.
764 2507 831 2568 id
821 2519 976 2590 ipsamet
996 2529 1037 2568 ex
1057 2511 1239 2571 Graecorum

130 2593 292 2674 horologio
308 2591 484 2669 didicimus,
505 2591 621 2700 idque
611 2615 752 2676 msnper,
775 2593 957 2654 dominicam
970 2596 1239 2676 quinquagesimae

131 2683 236 2740 vocari
256 2679 334 2737 ιδ’·
314 2699 352 2737 ιιι
373 2673 431 2758 τὴν
449 2701 598 2786 κνριαιιην
616 2683 670 2760 τῆς
676 2674 871 2785 τνροφοὶγον.
914 2700 1036 2740 causam
1052 2679 1166 2738 addunt
1179 2677 1240 2738 hoo

132 2760 469 2870 ιο1ιριίοιείδὲναιχρη
485 2759 532 2826 ὅτι
547 2788 583 2871 ep
572 2759 720 2873 trepide
733 2766 786 2828 καὶ
798 2770 976 2872 παρασκευῇ
993 2769 1047 2845 τῆς
1060 2758 1239 2847 τνροφᾶγον

131 2845 209 2932 μετὰ
223 2871 281 2928 την
293 2845 328 2910 θ
342 2849 486 2926 ἐσθίομεν
497 2871 590 2954 ινρον
606 2845 698 2912 ιτα1’
673 2873 720 2913 un
712 2847 787 2913 dccl
798 2848 869 2925 τούς
882 2845 1052 2958 Ἰαιιορβίτας
1061 2849 1115 2911 nul
1132 2855 1239 2928 Terpn-

131 2937 238 3008 διτας,
259 2928 336 2995 sset
359 2929 414 2996 cdv
435 2928 553 2997 νανόνα
575 2937 631 2996 τοῦ
650 2933 683 2998 ἐν
704 2934 803 3017 ἁγίοις
818 2932 933 3013 παιρδς
946 2935 1036 3016 ἡμῶν
1053 2929 1239 3012 Νικηφόρον

132 3011 497 3091 Kasosmseoonblsur.
525 3020 723 3098 quamobrem
738 3031 807 3080 ante
820 3040 965 3100 magnam
977 3018 1239 3101 quadragesimam

130 3106 258 3166 mollius
280 3105 471 3206 laxiusque
461 3104 609 3162 ieiunium
622 3115 677 3165 est.
721 3108 828 3164 iccirco
846 3105 1028 3166 dominicam
1042 3105 1239 3186 quadragesi-

131 3211 203 3250 mae
217 3198 327 3250 rocant
339 3183 465 3267 πρώτην
475 3211 538 3250 των
551 3193 700 3268 νηστειῶν
712 3187 782 3270 ἤτοι
792 3195 847 3269 τῆς
858 3187 1050 3273 ὄρθοδοξιας.
1077 3201 1167 3272 atque
1179 3187 1240 3248 boo

132 3295 232 3336 unum
250 3275 426 3353 exemplum
448 3275 582 3334 sectariis
599 3295 634 3334 ac
650 3279 707 3353 τῆς
719 3279 959 3355 τεσσαρακοστῆς
972 3276 1121 3351 omribns,
1154 3277 1182 3335 si
1204 3296 1238 3335 os
1257 3310 1261 3317 ·

134 3363 233 3422 ullum
247 3358 405 3433 baberent,
428 3379 498 3418 cnm
512 3360 633 3420 silentio
649 3359 819 3441 pudorem
809 3373 943 3421 montera
956 3366 1063 3441 potuit.

221 3447 307 3502 Nunc
328 3455 489 3524 antequam
512 3444 551 3503 ad
571 3445 732 3525 Nice-phoci
753 3448 936 3506 breviarium
958 3446 1132 3526 aggrediar,
1163 3444 1239 3503 libet

135 3529 195 3591 boo
216 3531 283 3590 loco
308 3527 516 3630 chronologica
535 3535 659 3611 synopsi
678 3537 794 3612 priores
813 3535 945 3592 Heraclii
972 3533 1121 3591 duntaxat
1144 3549 1239 3589 annos

137 3612 410 3695 comprehendere,
440 3616 600 3693 inquibus
620 3621 812 3696 potissimum
829 3617 1015 3678 illustrandis
1036 3635 1157 3696 operam
1181 3634 1240 3693 po-

137 3704 268 3776 suimus,
291 3709 325 3758 nt
346 3696 487 3757 historica
507 3702 583 3758 serie
600 3715 756 3783 perspecta
770 3705 889 3766 iacilim
885 3722 982 3787 qnae
999 3723 1018 3761 a
1033 3701 1121 3762 nobis
1135 3699 1241 3779 dispu-

136 3784 229 3846 tanda
240 3796 311 3846 ιιιιιι
322 3786 417 3846 lector
427 3785 588 3864 intelligat.
