3017 4817
243 302 317 383 104
657 298 742 374 'DU
766 302 910 373 caten

123 463 127 488 ¹
242 486 333 557 atque
352 473 427 533 istos
447 468 573 552 quidem
596 469 724 546 circulos
737 486 863 528 coronas
875 463 1030 527 interdum
1041 478 1150 529 vocant
1169 469 1237 529 aevi
1253 466 1351 528 medii

241 566 402 641 scriptores
416 559 532 632 Latini,
561 567 597 615 ut
617 568 719 615 auctor
737 560 819 614 vitae
834 557 867 615 S.
883 552 1034 613 Desiderii
1049 556 1116 613 lccc
1130 558 1268 635 proxime
1279 558 1352 613 lau-

244 647 332 720 dato,
358 644 536 702 Anastasius
551 642 625 701 bibl.
640 645 673 701 in
689 643 722 701 S.
736 642 881 702 Silvestre
895 651 925 699 et
936 640 1024 699 Sixto
1040 645 1058 703 8
1074 642 1140 716 ΡΡ,
1163 640 1351 700 lllodoardus

241 736 321 791 Hist.
335 734 476 789 Remens.
491 732 510 792 8
533 726 553 791 6
572 737 606 807 1οἳ
626 725 647 789 4
672 726 729 799 18,
758 728 920 785 Ratbertus
939 723 978 783 de
993 726 1120 784 Casibus
1133 728 1167 786 S.
1183 727 1264 785 Galli
1278 746 1304 784 c.
1317 728 1352 800 9,

242 822 292 878 lso
311 818 456 894 magister
479 810 517 870 de
534 811 688 871 Miraoulis
709 812 742 870 S.
763 812 844 869 Galli
868 830 894 869 c.
919 812 958 885 8,
990 808 1148 871 Udslricus
1161 814 1194 869 in
1208 813 1352 871 consuat.

243 903 379 962 Cluniae.
398 900 416 961 1
441 900 496 972 11,
518 900 625 957 Petrus
641 897 791 957 Venerab.
806 900 839 955 in
853 897 963 955 Statut.
981 896 1069 953 Clau.
1084 916 1110 954 c.
1124 898 1182 971 52,
1204 897 1353 975 Aegidius

243 990 363 1049 Aureae
382 984 471 1042 vallis
487 1003 512 1041 ο.
529 982 581 1058 68,
603 984 671 1042 Vita
686 984 722 1039 Β.
737 984 858 1041 loannis
874 983 1045 1039 Gorziensis
1057 981 1167 1039 Abbat.
1179 1001 1206 1039 c.
1217 985 1257 1046 10
1268 1003 1299 1040 n.
1309 985 1353 1045 90

245 1084 303 1132 etc.
346 1072 380 1130 S.
393 1065 563 1127 llernardus
579 1080 661 1128 rotas
674 1066 873 1146 appellandas
885 1069 985 1147 potius
1001 1069 1133 1141 censuit,
1154 1068 1208 1125 lib.
1229 1065 1268 1125 de
1282 1069 1354 1126 Vita

245 1170 276 1217 et
288 1157 422 1216 moribus
437 1156 613 1213 clericorum
626 1172 652 1211 ο.
663 1154 722 1216 11:
739 1163 900 1231 ponuntur
915 1154 949 1209 irs
962 1152 1086 1209 ecelesia
1097 1163 1281 1232 gemmatae,
1292 1172 1355 1209 nors

246 1261 385 1313 coronae,
399 1239 453 1297 sed
465 1249 560 1309 rotae,
579 1241 794 1315 circumseptae
809 1236 1017 1316 lampadibus,
1032 1238 1086 1295 sed
1096 1258 1157 1295 nors
1172 1240 1273 1295 mmsis
1279 1236 1356 1317 sul-

242 1338 348 1409 gentes
358 1326 476 1383 irmertis
492 1322 656 1403 lapisdibus.
680 1322 734 1383 sed
749 1325 926 1403 praesertim
939 1325 1099 1382 instructas
1112 1320 1261 1381 eiusmodi
1273 1325 1354 1379 larn-

245 1412 374 1494 padibus
398 1426 521 1469 coronas
541 1410 645 1487 phara
659 1410 816 1488 appellant
830 1409 894 1467 alii.
937 1410 1000 1465 Leo
1012 1408 1075 1467 Ost.
1090 1406 1202 1467 chaun.
1217 1410 1317 1466 Casio.
1333 1412 1354 1472 8

245 1503 286 1563 31
298 1516 306 1555 :
329 1497 412 1577 fecit
432 1505 460 1551 et
465 1493 616 1571 pharum,
638 1514 781 1551 coronam
793 1493 908 1551 eeilioet
920 1494 1087 1551 ma'xirrsam
1099 1504 1275 1573 argenteam
1285 1513 1356 1551 cum

248 1617 289 1628 -
304 1602 355 1640 sex
375 1591 403 1638 et
422 1580 549 1659 triginta
569 1577 766 1657 lampadibus
781 1599 817 1635 se
829 1598 865 1635 ea
872 1577 1086 1655 pendentibus.
1130 1581 1174 1639 ita
1186 1581 1355 1656 promiscue

246 1666 330 1747 apud
344 1664 534 1727 Valafridum
548 1665 730 1725 Strabonem
745 1663 783 1723 de
795 1666 900 1722 llirac.
917 1665 950 1722 S.
970 1664 1051 1721 Galli
1067 1666 1089 1725 2
1111 1664 1162 1738 85,
1184 1663 1300 1722 Bedam
1317 1661 1356 1721 de

247 1755 316 1811 Rat.
331 1762 460 1829 tempor.
476 1769 502 1808 c.
516 1746 568 1825 24,
594 1752 627 1807 in
640 1750 717 1807 Hist.
734 1750 871 1807 translat.
886 1749 919 1810 S.
933 1749 1103 1807 Sebastiani
1120 1766 1152 1805 u.
1168 1748 1226 1823 94,
1248 1752 1280 1807 in
1295 1752 1357 1807 rita

139 1838 163 1893 P
180 1836 233 1894 558
250 1836 379 1896 Gudilae
392 1838 476 1912 Virg.
490 1853 523 1891 n·
543 1836 592 1897 18.
612 1845 767 1913 praeterea
781 1831 863 1911 apud
873 1836 1069 1892 Anastasinm
1079 1852 1142 1891 uon
1153 1834 1258 1910 semel,
1276 1832 1358 1913 apud

249 1942 341 2005 quem
358 1923 392 1978 in
410 1920 443 1978 S.
464 1918 609 1979 Silvestre
627 1918 730 1996 phara
751 1918 902 1976 canthara
925 1917 1066 1976 dicuntur
1087 1937 1142 1976 eae
1165 1921 1358 1997 potissimum

249 2024 396 2080 coronae,
419 2022 497 2085 quae
513 2002 705 2083 lampadibus
719 2015 749 2062 et
764 2002 854 2063 discis
868 2008 1029 2063 instructae
1044 2014 1143 2078 erant,
1164 2022 1239 2083 quas
1254 2027 1359 2084 φωτο-

250 2087 327 2172 δόχα
340 2085 443 2173 ἀγγεῖα
458 2099 545 2147 vocat
559 2090 659 2148 Duces
675 2109 701 2147 ο.
715 2090 768 2150 29.
799 2088 932 2169 denique
945 2087 1022 2149 alios
1036 2086 1223 2169 lychnuchos
1239 2094 1272 2149 in
1289 2110 1359 2150 mc·

252 2176 326 2238 dum
339 2176 435 2237 crucis
449 2173 564 2233 effictos
577 2172 722 2254 appendit
733 2176 928 2243 lastinianus.
971 2175 1162 2232 silentiarius
1177 2194 1208 2233 v.
1226 2174 1306 2241 417:

416 2258 469 2323 eal
483 2255 613 2341 μεγάλου
629 2266 772 2339 οτανροῖο
787 2254 887 2321 τύπον
898 2251 1048 2323 rotiana
1061 2255 1194 2338 νοήσεις,

417 2344 539 2429 γείτονα
553 2342 608 2424 μὲν
625 2346 751 2419 dissono,
773 2337 987 2424 πολυτρήτοισι
1002 2340 1037 2407 dl
1050 2340 1161 2418 edesse

419 2426 511 2512 ἄγγος
526 2428 722 2509 dispoliasse
740 2425 934 2511 cehacpdpor.

251 2512 336 2574 hunc
358 2533 446 2593 porro
469 2516 561 2571 ritum
581 2533 683 2571 cruces
703 2514 870 2573 luminibus
884 2510 1053 2572 exornandi
1065 2524 1163 2572 aetate
1178 2512 1212 2573 S.
1227 2510 1361 2593 Chryso-

253 2601 355 2672 stcmi‚
378 2602 462 2657 cuius
479 2608 581 2657 auctor
594 2596 779 2678 perhibetur,
801 2600 965 2658 obtinuisse
976 2610 1098 2657 narrant
1113 2601 1250 2659 Socrates
1262 2609 1293 2657 et
1304 2601 1362 2657 Ni-

254 2681 403 2762 oephcrus
417 2684 494 2742 eall.
517 2693 547 2741 ct
565 2686 598 2741 in
616 2684 806 2762 processibus
825 2685 955 2763 publicis
970 2686 1178 2745 ecciesiasticis
1193 2686 1361 2764 praelatas:

255 2768 380 2849 σταυροὶ
396 2761 541 2850 α’ργόρεοι
560 2772 663 2849 κηροῖο
676 2764 728 2833 hs’
749 2763 854 2842 αὐτοῖς
868 2762 1050 2849 ἐνημμένον
1062 2774 1262 2852 προηγοῦντο.
1304 2789 1363 2830 nee

256 2851 365 2913 desunt
382 2857 435 2935 qui
452 2872 571 2912 erucem
588 2873 678 2934 supra
694 2854 854 2913 ambonem
873 2864 1004 2913 stantem
1022 2856 1154 2916 lucernis
1170 2854 1362 2936 lampadibus

255 2958 293 2997 ac
303 2939 468 2999 luminibus
482 2937 607 3019 perinde
619 2940 790 3019 fulgurssse
802 2959 843 2999 ex
856 2938 972 2999 (lodinc
987 2940 1164 3001 observant:
1186 2936 1246 3022 εἶχε
1261 2940 1296 3005 dl
1309 2940 1363 3005 ml

256 3021 352 3105 συχνοὶ
368 3022 544 3105 λοχνιτόριο
558 3024 609 3103 eal
622 3022 844 3107 μαργαριτιίρια
857 3018 996 3088 intime.
1027 3023 1125 3086 sedet
1140 3026 1222 3107 apud
1238 3029 1362 3087 Latinos

255 3106 338 3168 hune
350 3112 514 3169 invaluisse
532 3112 623 3169 ritum
639 3108 726 3169 docet
741 3112 917 3170 Anastasius
931 3114 964 3168 in
979 3111 1013 3171 S.
1027 3110 1181 3171 Hadriano
1198 3115 1266 3171 PP:
1279 3114 1363 3192 serit

257 3206 286 3252 et
295 3194 431 3272 pharum
445 3197 588 3253 maiorem
606 3198 640 3253 ἑο
661 3196 765 3254 eadem
778 3197 821 3254 B.
838 3199 924 3255 Petri
938 3196 1062 3255 erotema
1080 3201 1115 3255 irs
1129 3210 1235 3277 typum
1250 3200 1362 3269 mucre,

258 3282 316 3359 qni
326 3282 439 3357 perulet
453 3290 524 3338 ante
532 3280 767 3359 presbyterium,
794 3281 953 3340 habentem
971 3282 1116 3341 candelae
1130 3287 1225 3355 1370,
1247 3294 1276 3341 et
1290 3304 1364 3342 ecn-

258 3366 357 3421 sts'tuit
375 3376 411 3422 ret
430 3375 573 3445 quattuor
594 3364 712 3425 veribus
732 3371 766 3424 in
787 3388 869 3425 anno
880 3369 944 3446 ipse
956 3367 1076 3446 pharus
1091 3370 1283 3427 acuendam.
1329 3372 1363 3426 in

257 3451 362 3509 Leone
376 3467 432 3509 111:
452 3450 535 3529 fecit
547 3470 664 3509 erucem
677 3452 889 3531 anaglypham
903 3454 1111 3525 intercutem,
1133 3473 1168 3511 ex
1179 3475 1255 3513 auru
1271 3475 1363 3512 murr-

258 3534 395 3607 disss'mo,
405 3536 584 3614 pendentem
594 3538 628 3594 in
636 3538 772 3618 pergula
785 3549 856 3597 arete
868 3538 965 3596 attare
978 3560 1049 3597 cum
1060 3538 1196 3598 medelis
1207 3540 1365 3598 disodeee'm

252 3640 342 3699 pens.
361 3618 415 3679 ab.
435 3621 486 3685 13.
529 3622 678 3681 eiusmodi
692 3626 785 3682 etiam
801 3643 903 3683 cruces
918 3626 1084 3684 luminosas
1095 3626 1248 3684 intellexit
1261 3626 1365 3685 Silen-

258 3708 364 3766 tiarius
380 3727 410 3765 r.
422 3706 502 3780 481,
525 3704 598 3765 dum
611 3711 653 3767 ait
666 3708 763 3767 alium
777 3720 912 3768 mentem
928 3711 1077 3769 oblectare
1088 3710 1235 3771 intuendo
1248 3706 1366 3789 σύμβο-

256 3796 313 3854 λον
325 3787 473 3870 οὐρανίου
488 3794 640 3874 Χριστοῖο.
675 3804 746 3853 sunt
762 3798 844 3853 enirn
859 3814 913 3854 eae
925 3797 1066 3855 lucernae
1081 3815 1156 3878 quas
1169 3800 1261 3877 αἱμα
1276 3796 1365 3857 Okri-

257 3878 299 3935 sts'
319 3878 451 3957 appellat
464 3878 640 3937 Anastasius
662 3879 696 3936 in
709 3882 811 3939 Leone
828 3898 883 3938 111:
910 3882 994 3961 fecit
1008 3883 1042 3941 s'rs
1063 3881 1191 3941 basileca
1212 3884 1255 3941 B.
1279 3883 1367 3940 Petrs‘

259 3960 457 4038 Apostoli-
469 3960 625 4043 gabathas
641 3964 799 4043 swrdatas
818 3966 1051 4044 sr'grsoehrrbtas‚
1087 3988 1166 4047 quae
1180 3968 1317 4046 perederet
1332 3969 1366 4025 irs

260 4046 501 4125 quadriporticu,
522 4050 557 4107 irs
563 4048 666 4126 pharo
677 4068 763 4107 aereo
776 4052 811 4107 io
823 4050 920 4109 medab
932 4052 1103 4125 Basiliam,
1123 4074 1247 4112 nemum
1259 4050 1313 4116 48.
1335 4062 1366 4112 at

259 4130 294 4189 in
308 4132 451 4211 Gregorio
470 4150 525 4195 stt
546 4135 670 4213 signum
685 4133 797 4195 Christi
807 4134 900 4193 habet
911 4138 1079 4197 rtavr'eellas
1091 4138 1170 4198 datas
1182 4150 1211 4197 et
1224 4159 1366 4197 werras
1495 4177 1496 4192 r

260 4226 329 4274 em.
374 4218 470 4276 nfra:
494 4220 618 4299 amum
637 4218 751 4279 cocu
762 4221 944 4298 pendentem
963 4226 997 4282 o.
1017 4224 1166 4283 memte
1193 4224 1299 4283 moue.
1322 4258 1367 4269 -
1495 4205 1496 4226 ¹

259 4304 381 4381 saprum
407 4302 521 4363 obsiti
547 4302 639 4363 habet
664 4304 823 4367 historiam
841 4308 876 4367 irc
894 4308 1018 4369 modom
1039 4308 1134 4371 leonis
1152 4310 1367 4390 incepturum
