3017 4817
460 293 658 362 FERSIGAE
681 293 888 364 lenolsllt
912 295 955 364 Il.
1004 311 1021 360 κέ
1187 295 1259 368 107

239 459 316 526 ἳὸδ.
357 453 495 520 iubarum
515 471 591 542 puto
610 461 799 543 intelligere,
820 461 951 522 militare
975 460 1125 522 vexillum
1149 481 1285 524 mono·

153 561 322 630 grammate
339 533 433 646 X
456 550 647 628 distinotum,
670 550 755 634 quod
772 553 811 612 ab
826 553 967 612 omnibus
986 553 1051 612 iera
1068 554 1259 632 imperatori·

98 711 103 719 ὁ
153 641 212 702 bus
225 651 295 722 post
306 643 534 704 constantinum
545 643 708 724 Magnum,
726 645 781 724 qul
791 639 871 702 illud
883 643 1014 718 invexit,
1037 653 1188 702 retentum
1199 656 1257 704 est.

154 725 209 784 ille
237 729 321 786 euim
350 731 468 810 primus
491 729 719 809 imperatorium
739 729 891 788 vexillum
910 727 950 788 ad
971 729 1067 787 oruois
1088 729 1255 809 exemplar,

153 809 215 870 sibi
232 812 359 874 caelitus
374 825 546 889 ostentum,
568 815 601 872 in
613 833 703 874 verae
717 817 813 874 oruois
825 813 955 873 formum
967 815 1177 891 eommutavit,
1199 813 1256 874 ad-

153 894 219 955 dito
240 894 352 956 Christi
369 902 511 974 nomine,
533 896 651 959 duobus
668 901 791 960 Graecis
807 899 965 960 elementis
980 918 1140 978 expresso,
1163 911 1197 959 ut
1211 911 1257 960 est

151 979 236 1060 apud
252 983 419 1042 Eusebium
432 987 466 1043 in
480 986 545 1044 eius
557 986 620 1044 rita
636 983 690 1044 tit.
711 990 726 1048 l
743 1007 770 1043 e.
786 985 839 1050 26.
883 983 965 1066 quod
979 987 1101 1063 signtnn
1117 1003 1185 1044 oum
1201 983 1258 1044 de·

151 1065 346 1127 formidasset
356 1069 469 1149 impius
482 1071 618 1129 lulianus
632 1081 663 1130 et
678 1071 866 1150 abrogasset,
888 1079 964 1130 teste
976 1071 1145 1131 sozomeno
1162 1070 1182 1136 5
1206 1075 1256 1145 16,

150 1153 258 1210 statim
289 1156 481 1215 restituenmt
507 1156 668 1215 Gratianus
693 1165 724 1215 et
745 1157 992 1232 Valentinianus,
1026 1163 1062 1215 ut
1084 1165 1186 1216 auotor
1210 1165 1257 1214 est

149 1236 187 1294 S.
201 1237 378 1298 Ambrosius
391 1239 446 1298 lib.
460 1245 483 1306 2
498 1240 537 1300 de
551 1240 627 1299 Fide
639 1239 783 1316 stebfin.,·
804 1259 902 1322 euque
914 1239 1023 1300 deiude
1039 1249 1109 1299 smt
1123 1243 1171 1302 usi
1185 1241 1256 1319 plu-

151 1339 202 1379 res
224 1321 279 1379 alii
301 1324 515 1404 imperatores,
536 1327 646 1407 quibus
662 1337 742 1385 oerte
757 1325 960 1386 aooensendus
974 1327 1142 1386 Heraolius.
1184 1323 1256 1386 vide

150 1406 330 1488 Du-Cartg.
348 1409 388 1468 de
399 1411 459 1490 insi
475 1413 546 1470 aevi
555 1413 697 1469 mausum.
713 1431 741 1469 c.
757 1415 811 1475 20.

237 1491 313 1558 256.
355 1495 388 1553 in
399 1516 448 1556 ms
460 1506 525 1555 erat
536 1495 595 1559 tut.
615 1497 773 1555 Heraclius
787 1515 805 1553 e
819 1495 923 1553 (liliola
937 1494 1099 1574 profectus,
1113 1513 1149 1552 ao
1159 1495 1255 1554 Tauri

151 1577 234 1656 iugis
254 1583 418 1658 superatis,
438 1583 472 1639 in
492 1584 650 1640 Pontioam
668 1581 855 1660 provinciam
874 1581 1012 1654 intravit,
1033 1589 1068 1638 ut
1088 1589 1192 1659 postea
1214 1599 1255 1638 ex

151 1663 295 1722 Armenia
318 1665 351 1721 in
371 1665 544 1739 Persidem,
566 1667 594 1723 si
611 1667 655 1723 ita
673 1683 722 1724 rea
744 1665 925 1744 postularet,
947 1667 1144 1743 irntmperet3
1172 1663 1255 1746 quod

150 1745 681 1914 lbfflfle'ssllbb‘ffiflilff
696 1749 1255 1915 liiidillilillalffidl

151 1937 209 1976 neo
223 1919 331 1997 prooul
347 1938 366 1977 a
381 1921 477 1979 Tauri
491 1920 643 1979 montibus
655 1930 758 1994 adum
770 1930 826 1980 est.
1140 1943 1144 1950 ·

235 2007 311 2068 260.
353 2001 445 2064 huus
462 2008 683 2086 strategematis
702 2007 815 2066 similia
830 2006 973 2086 exempla
987 2001 1146 2068 videsisiu
1156 2004 1254 2062 Fron-

150 2089 215 2147 tino
232 2089 251 2150 1
273 2093 295 2154 2
317 2098 348 2148 et
368 2093 388 2153 3
410 2091 464 2153 11.

236 2177 311 2237 262.
353 2175 422 2255 lege
435 2175 571 2257 αἶνειῆς,
593 2173 677 2256 quod
687 2177 778 2235 metri
789 2176 867 2236 ratio
881 2175 1029 2256 postulat,
1050 2167 1255 2256 uiuotoopylo

149 2268 199 2317 est
210 2257 313 2333 fictio,
334 2279 396 2341 qua
416 2263 512 2320 utitur
531 2261 658 2321 solerter
680 2260 747 2320 dux
768 2270 832 2320 tam
853 2261 908 2321 ubi
929 2258 1079 2319 carendus
1094 2277 1186 2340 quarn
1200 2259 1253 2318 ubi

149 2344 366 2423 opprimendus
382 2344 479 2406 bostis
493 2355 556 2421 est,
575 2356 612 2403 ut
627 2347 671 2403 ait
685 2347 847 2404 Ptonduus
862 2349 895 2403 in
907 2345 1010 2424 praef.
1033 2345 1165 2422 Strateg.

235 2427 310 2493 264.
351 2433 395 2489 ita
415 2431 517 2489 forsan
538 2448 628 2489 suurn
648 2431 707 2488 iter
727 2430 904 2489 oonfioiebat
927 2429 1102 2505 Heraclius,
1124 2439 1158 2487 ut
1174 2427 1253 2507 ligu-

151 2532 217 2572 ram
224 2558 233 2590 ,
254 2533 334 2594 quae
351 2509 436 2591 τάξις
448 2514 635 2597 πεπλεγμένη
648 2515 685 2572 ab
698 2516 827 2574 Aeliano
842 2533 867 2574 o.
880 2515 922 2580 48
934 2523 1075 2591 rooatur,
1098 2515 1252 2593 exprime·
1266 2557 1268 2562 -

149 2610 207 2658 ret.
251 2619 322 2659 oum
340 2603 425 2659 enim
444 2619 481 2659 ea
504 2609 584 2659 esset
602 2596 778 2659 buiusrnodi
791 2611 826 2660 ut
839 2600 982 2680 spiralem
994 2601 1107 2658 lineam
1119 2601 1254 2675 referret,

150 2694 242 2765 atque
263 2685 306 2743 ita
329 2705 421 2766 saepe
442 2687 575 2745 frontem
595 2683 783 2761 ostenderet,
804 2687 894 2744 faolle
906 2687 1062 2766 inaperitos
1074 2687 1181 2746 Persas
1195 2703 1254 2763 po-

149 2773 210 2829 tuit
221 2769 375 2851 deripere,
398 2773 451 2853 qui
463 2773 507 2830 itu
519 2768 732 2851 prooedentem
745 2773 912 2830 exercitum
926 2781 1066 2850 putarent
1080 2772 1253 2829 oonaistere.

150 2871 189 2913 ao
199 2873 274 2914 mox
290 2857 414 2937 quidem
426 2863 516 2937 putta
531 2859 573 2916 ait
588 2875 629 2916 ex
642 2855 766 2937 obliquo
781 2866 811 2916 ot
825 2867 994 2916 transverso
1006 2858 1113 2914 itinera
1121 2855 1253 2913 Heraclii

149 2937 273 3000 bostem
284 2943 378 3002 fnisse
390 2940 561 3022 deceptum.

233 3029 308 3092 271.
350 3029 463 3087 Leonis
476 3029 552 3106 imp.
567 3023 645 3086 illud
659 3037 705 3085 eet
716 3026 867 3085 monitum
882 3045 908 3083 o.
924 3028 944 3089 9
967 3027 1024 3088 10:
1048 3025 1253 3106 περιπατοῦν-

149 3133 202 3186 τος
214 3114 274 3174 τοῦ
287 3116 417 3194 osporoti
428 3111 566 3195 ἡγείσθω
579 3109 603 3191 ἦ
615 3107 654 3191 σὴ
666 3107 836 3191 ἱνδοξότης.
864 3114 950 3170 iuxta
966 3107 1048 3192 quod
1058 3115 1252 3190 praeoeptnna

149 3194 254 3256 Pirida
273 3208 469 3278 praeeuntem
488 3195 605 3256 induoit
622 3198 814 3270 Heredium,
837 3199 890 3276 qui
913 3213 982 3254 oum
1002 3204 1126 3275 repente
1141 3211 1252 3272 agmen

150 3286 285 3342 oonrarti
296 3285 443 3359 iussisset,
457 3303 476 3342 e
486 3285 586 3363 primo
598 3283 695 3342 faotus
704 3292 751 3342 eet
763 3283 955 3342 norissimus.
983 3280 1038 3341 sed
1050 3283 1147 3362 poesis
1158 3281 1250 3338 etiam

149 3387 205 3447 pro
227 3371 408 3428 mmmm
426 3368 553 3428 reddere
571 3369 740 3438 eeeundru,
769 3370 856 3449 quasi
878 3364 981 3427 Pisida
1003 3365 1177 3426 Heraclium
1199 3362 1252 3423 bio

148 3464 302 3532 eomparet
323 3457 462 3534 aurigae,
483 3457 537 3536 qui
552 3455 585 3512 in
602 3473 706 3514 cursus
726 3455 916 3513 oonteutione
935 3473 953 3512 a
971 3457 1134 3532 posteriore
1157 3471 1249 3531 supe-

148 3541 210 3596 rari
222 3548 252 3597 et
264 3540 396 3621 relinqui
411 3559 453 3599 ex
467 3537 615 3599 industris
629 3541 769 3600 voluerit.
810 3537 882 3600 vide
894 3539 973 3597 iufra
986 3559 1015 3596 v.
1034 3538 1107 3602 285.

232 3623 309 3691 276.
350 3627 572 3707 aluosoopylos·
593 3636 624 3684 et
641 3620 824 3707 ὑπόκρισιν,
846 3642 905 3705 qua
928 3624 1084 3683 Her-aulius
1103 3641 1174 3681 usus
1193 3631 1248 3693 est,

148 3701 255 3788 σοφήν
273 3721 381 3788 vooat,
413 3721 448 3771 ut
468 3731 563 3790 eupru
581 3729 612 3770 v·
632 3715 696 3776 tot
719 3705 860 3789 αἰνετήν,
888 3719 924 3768 ut
947 3710 1078 3768 nominis
1101 3703 1252 3765 invidiam

147 3795 189 3852 ab
204 3797 343 3856 Heraclio
356 3797 550 3856 submoveat:
570 3813 671 3876 neque
686 3798 769 3854 enim
781 3795 861 3854 butio
872 3813 974 3876 neque
988 3793 1140 3853 simulatio
1157 3788 1249 3868 digna

147 3899 200 3938 res
220 3891 267 3940 est
286 3884 351 3942 tiro
373 3885 492 3962 integro
512 3891 544 3942 et
561 3883 644 3942 forti.
688 3880 745 3941 sed
764 3877 866 3940 Pisida
887 3879 944 3938 has
960 3897 1050 3939 vooes
1062 3875 1247 3936 adbibuiteo

146 3965 223 4046 quia
242 3985 305 4028 non
326 3979 519 4048 suppeterent
538 3968 633 4043 eliae,
655 3984 734 4047 quae
754 3976 786 4024 et
802 3967 990 4046 imperatoris
1011 3963 1105 4022 solers
1119 3963 1151 4018 iu
1165 3959 1248 4018 bello

146 4052 310 4112 eonsilium
337 4052 529 4113 ostenderent
553 4063 584 4112 at
609 4055 698 4112 metri
721 4051 842 4130 legibus
864 4053 955 4110 etiam
973 4045 1246 4120 uooomodarentur,

146 4135 302 4218 siquidem
317 4139 456 4214 Graecis,
479 4156 607 4219 quorum
618 4148 702 4198 tanta
714 4139 775 4196 luit
787 4139 820 4196 in
837 4134 965 4196 dloeudo
980 4135 1082 4213 oopia,
1103 4151 1164 4192 uno
1178 4142 1247 4190 tnn-

145 4233 214 4281 tum
235 4223 384 4284 vooabulo
404 4224 649 4305 στρατηγήματα,
680 4243 758 4305 quae
783 4224 908 4282 solerter
929 4239 948 4278 u
970 4218 1046 4279 duoe
1065 4227 1247 4299 gererentur,

147 4305 311 4389 dixerunt3
332 4310 419 4370 ouius
439 4309 503 4370 rim
523 4308 607 4370 roois
625 4327 696 4369 oum
707 4308 801 4369 vellet
812 4308 973 4370 Frontinus
987 4305 1096 4388 Ptues.
1114 4305 1246 4382 Some.
