3017 4817
276 310 328 384 66
715 306 778 377 DU
802 307 943 376 cinon

277 474 441 550 ostionem,
463 492 542 556 quas
552 472 633 533 facte
646 483 692 533 est
702 477 745 539 26
759 476 933 535 Decembris
948 493 1027 534 anno
1041 470 1111 533 chr.
1124 476 1202 549 687,
1222 483 1293 554 post
1307 493 1386 533 con-

277 563 411 623 sulatrun
426 560 566 618 Belisarii
580 578 622 633 tt,
644 562 802 619 Iustiniani
813 580 865 638 xr,
886 559 950 620 ind.
966 560 1024 636 16,
1044 562 1193 619 intersunt
1207 570 1251 618 tot
1264 562 1337 617 anni
1351 570 1385 619 et

278 646 344 706 dies
359 656 432 726 quot
445 665 464 703 a
474 642 663 724 Theophane
677 657 708 705 et
719 644 855 706 cedreno
870 656 1090 727 computantur.
1133 643 1214 703 unde
1227 642 1385 703 evidenter

276 742 360 812 patet
376 750 497 811 prorsus
512 727 692 789 hallucinari
706 733 869 791 Graeculos
884 743 914 791 et
927 735 1084 811 scriptores
1100 731 1216 811 aliquot
1229 730 1384 788 inferioris

277 820 363 892 aevi,
385 819 439 897 qui
460 816 611 894 templum
628 814 819 896 Sophisnunr
840 818 918 877 intre
931 820 971 882 17
986 836 1080 877 annos
1098 818 1269 875 coniectum
1284 812 1385 874 tradi·

278 900 367 977 dere,
387 903 434 959 nti
446 920 482 959 eo
494 902 606 979 pariter
616 901 684 961 ioco
699 900 868 963 docuimus.

363 986 395 1053 6.
436 988 589 1045 Encaenia
600 1006 690 1065 porro
705 988 738 1047 S.
748 986 881 1069 Sophiee
895 994 930 1046 eo
943 1006 1003 1069 qno
1018 983 1152 1045 diximus
1169 983 1218 1044 die
1231 984 1385 1043 celebrata

277 1072 382 1133 scribit
409 1072 604 1130 Marcellinus
627 1074 735 1132 Comes
760 1071 800 1131 ad
820 1070 950 1133 eundem
976 1090 1104 1131 annum:
1137 1071 1260 1129 ecclesia
1286 1072 1386 1128 maror

282 1158 372 1236 cpoli
389 1155 429 1215 οίι
445 1159 622 1234 imperatore
640 1158 812 1217 Iustiniano
829 1157 1024 1239 singulariter
1038 1160 1071 1215 in
1085 1158 1197 1215 mondo
1209 1166 1386 1215 οοιετατιεεα

278 1243 437 1303 dedicatur
459 1242 508 1300 dis
527 1247 548 1307 6
567 1242 630 1301 kat.
655 1244 831 1303 lantwine.
876 1240 1100 1323 Theophanes:
1132 1236 1229 1325 κου’τφ
1257 1246 1301 1327 τῷ
1325 1240 1385 1303 tm

280 1327 358 1411 μηνί
374 1328 547 1428 Δεκεμβρίῳ
562 1323 608 1401 κζ
620 1326 813 1405 truncantur:
830 1322 951 1410 προίτης
964 1327 1070 1411 ’γέγονε
1085 1323 1121 1389 τοί
1136 1322 1265 1407 πρότερα
1281 1326 1386 1407 ipsui-

280 1438 335 1476 νια
352 1417 408 1493 τῆς
426 1418 556 1493 μεγαλης
574 1412 746 1493 ἐκκλησίας·
776 1414 828 1477 καί
850 1415 980 1494 ἐξῆλθεν
1000 1411 1022 1491 ἦ
1044 1408 1111 1492 iteri
1135 1406 1196 1475 cirri
1218 1416 1273 1489 τῆς
1296 1409 1386 1493 τίγίας

279 1492 491 1573 Ἅναστασίας,
511 1498 691 1579 καθημένου
716 1504 816 1579 Μηνᾶ
837 1503 895 1563 τοῦ
914 1492 1098 1579 πατριάρχου
1121 1494 1154 1559 iv
1176 1500 1219 1583 spi
1240 1497 1386 1578 βασιλικῷ

282 1577 428 1663 ὀχήματι,
456 1582 508 1645 καλ
531 1587 589 1645 τοῦ
613 1582 759 1664 βασιλέως
784 1580 1007 1656 συλλιτειίοντος
1033 1586 1075 1666 κρῖ
1099 1585 1169 1667 λαῷ,
1214 1582 1387 1661 exquibus

281 1666 489 1729 emendandus
510 1666 629 1727 videtur
651 1668 800 1743 eodinus,
835 1672 887 1750 qui
912 1679 1068 1748 peractum
1087 1686 1162 1747 opus
1184 1670 1226 1729 22
1247 1664 1387 1725 eiusdem

281 1757 395 1813 mensis
415 1754 527 1826 refert,
554 1756 614 1812 nisi
631 1756 711 1813 inter
727 1755 899 1813 coniectum
919 1755 1066 1833 ternplum
1088 1764 1119 1811 et
1138 1752 1221 1811 illius
1242 1754 1387 1809 encaenia

280 1839 454 1898 interfuisse
469 1847 609 1917 quattuor
624 1837 690 1897 dies
706 1841 845 1899 voluerit.
889 1838 1086 1898 dedicationis
1101 1847 1276 1917 apparatum
1290 1847 1320 1894 et
1331 1856 1388 1893 ce-

281 1924 452 1983 lebritstenr
471 1923 607 2001 pluribus
627 1935 863 1985 commemorant
884 1924 968 1984 idem
990 1922 1123 1983 eodinus
1148 1933 1178 1980 et
1197 1923 1387 2001 Anonymns,

282 2011 337 2089 qui
350 2006 472 2067 tradunt
485 2009 686 2067 lastinianum
701 2010 821 2069 solenni
832 2030 943 2091 pompa
956 2032 973 2069 e
988 2011 1101 2089 palatio
1115 2028 1169 2087 per
1180 2010 1389 2085 Angustaerun

281 2113 344 2151 una
355 2112 429 2150 mm
445 2092 612 2169 patriarche
626 2096 659 2151 in
677 2096 836 2155 ecclesiam
850 2116 870 2153 a
884 2117 917 2155 se
933 2105 1115 2154 exstructam
1129 2096 1316 2173 pervenisse,
1338 2100 1389 2149 st·

281 2196 343 2260 que
359 2180 393 2235 iu
409 2174 484 2235 haec
496 2178 588 2231 verbs
601 2183 793 2252 prorupisse,
815 2178 959 2255 νενίκηκα
976 2200 1008 2241 σε
1022 2173 1181 2257 Σολομοίν.

368 2266 399 2326 6.
441 2262 483 2317 At
498 2278 567 2317 cum
579 2277 641 2315 non
654 2260 751 2317 multo
766 2270 835 2338 post
847 2262 1017 2321 coniectum
1030 2282 1104 2342 opus
1119 2260 1202 2320 aedis
1216 2258 1389 2339 Sophiansc

237 2409 241 2415 ,
282 2348 375 2407 trulla
393 2341 588 2417 concidisset,
610 2343 690 2401 facta
709 2364 829 2403 rursum
845 2364 923 2403 nova
939 2350 1092 2404 encaenia.
1134 2343 1265 2403 concidit
1287 2356 1390 2403 antem

283 2451 355 2512 pars
383 2428 536 2488 orientalis
566 2428 691 2501 nolles,
724 2448 767 2487 ex
788 2431 936 2488 continuis
960 2430 1210 2488 terraemotibus
1235 2440 1389 2508 perrupta,

283 2513 554 2587 u321ustiniani‚
576 2530 696 2593 unaque
711 2522 742 2571 et
754 2532 870 2573 sacram
885 2534 1022 2573 mensam
1036 2524 1066 2573 ct
1080 2515 1225 2573 ciborium
1239 2524 1269 2572 et
1282 2516 1390 2573 ambo-

282 2620 356 2659 nern
378 2599 526 2657 contrivit.
570 2593 625 2654 sed
644 2617 715 2656 cum
731 2616 802 2657 earn
823 2602 924 2658 statim
940 2598 977 2659 de
992 2620 1069 2658 novo
1084 2602 1277 2659 instaurasset
1296 2602 1390 2659 iusti-

283 2687 409 2756 nianns‚
429 2681 613 2760 trullamque
635 2683 726 2761 longe
747 2702 839 2763 quarn
859 2696 947 2744 antea
966 2683 1123 2744 editiorem
1139 2683 1312 2760 eduxisset,
1333 2704 1390 2743 ee-

284 2768 357 2829 dem
374 2771 486 2827 iterum
498 2766 536 2823 ab
553 2765 704 2846 Eutychio
720 2768 887 2849 patriarcha
903 2768 1035 2829 dedicari
1053 2772 1184 2843 curavit,
1207 2781 1240 2828 ut
1261 2772 1302 2827 sit
1325 2772 1389 2827 Ζο-

284 2873 374 2913 naras
383 2899 392 2930 ‚
413 2850 466 2913 καλ
483 2858 718 2933 καθιερωθῆναι
733 2851 816 2933 παροί
831 2848 984 2935 Εὕτυχίου
999 2858 1054 2917 τοῦ
1065 2850 1250 2936 πατριάρχου
1265 2849 1298 2917 sd
1317 2849 1390 2917 ‹tri-

284 2962 382 3021 τερον.
424 2938 504 2995 facta
517 2948 620 2995 autem
631 2941 688 2997 ista
701 2942 842 2998 encaenia
855 2960 934 2999 anno
947 2950 1014 3019 post
1027 2942 1134 2999 trullae
1146 2960 1251 2999 casum
1265 2941 1389 3022 quinto:

285 3044 323 3085 eo
337 3027 419 3083 enim
433 3022 581 3081 referendi
597 3044 700 3082 versus
717 3026 806 3083 Pauli
820 3026 983 3085 Silentiarii
995 3036 1070 3105 part.
1089 3033 1103 3090 1
1121 3046 1150 3085 v.
1164 3030 1223 3089 37:

452 3106 548 3189 δάκρυ
565 3106 598 3169 di
610 3108 811 3189 πενταέτηρον
827 3105 1042 3189 οίποψήσανιες
1057 3106 1194 3191 ὀπωπῆς,

450 3190 606 3271 μίλψομεν
622 3188 774 3275 εὐφήμοις
788 3192 849 3259 tirsi
866 3198 992 3275 χείλεσιν
1010 3192 1141 3269 εὔποίας
1154 3192 1280 3275 ὕμνους.

286 3274 414 3335 dictust
430 3295 544 3333 annum
557 3276 724 3338 distinctius
739 3290 861 3339 annotat
875 3279 1042 3341 chronicon
1057 3280 1312 3356 Alexandrinum,
1335 3284 1389 3341 Iu-

285 3364 409 3422 stiniani
433 3362 547 3419 scilicet
566 3381 594 3420 a.
613 3368 670 3438 36,
690 3362 795 3424 indict.
815 3368 870 3441 12,
893 3366 1049 3426 Decernbr.
1065 3366 1123 3431 24:
1145 3362 1242 3449 coricus
1264 3372 1307 3449 spi
1331 3366 1390 3428 ἔτει

285 3440 328 3518 λς’
349 3452 403 3525 τῆς
425 3439 638 3510 ’ίουστινιανοῦ
655 3451 823 3529 βασιλείας,
853 3451 927 3531 μηνὶ
946 3446 1106 3535 Ἀπελλίῳ,
1129 3448 1205 3514 κατὰ
1225 3450 1390 3533 Ῥωμαίους

285 3532 478 3612 Δεκεμβρίῳ,
500 3527 546 3594 κδ’
562 3530 661 3617 ημίρμ
674 3531 793 3620 προίτη,
815 3539 870 3617 τῆς
884 3531 923 3617 ιβ
939 3537 1143 3610 ίνὸιττιοῖνος,
1166 3534 1270 3616 ἡτῶν
1286 3536 1390 3619 ἕγκαν
1486 3559 1487 3572 ’

286 3617 363 3679 νίονν
377 3620 433 3696 τῆς
447 3613 535 3698 οἱγίας
548 3621 604 3681 τοῦ
616 3623 698 3682 θεοῦ
713 3616 844 3701 μεγάλης
862 3620 1020 3701 ίκκλησίας
1034 3626 1100 3683 ΚΠ
1109 3616 1142 3684 τὸ
1154 3616 1296 3699 δεύτερον
1310 3615 1391 3684 cirre-
1485 3642 1486 3669 t

285 3701 412 3782 τελίσθη
428 3697 526 3783 ἑορτή.
571 3701 620 3762 die
642 3706 733 3763 etiam
754 3708 806 3785 qui
824 3702 934 3766 Christi
952 3708 1098 3767 Natalicio
1115 3704 1284 3787 praecedit3
1305 3708 1390 3766 cele·

284 3786 370 3848 brata
385 3806 422 3847 ea
438 3790 579 3846 encaenia
598 3791 696 3849 innuit
711 3788 796 3849 idern
809 3792 998 3853 silentiarius
1013 3802 1090 3873 part.
1103 3796 1122 3873 *1
1141 3812 1172 3853 ι.
1187 3793 1267 3858 196:
1483 3798 1484 3801 ’

178 3887 200 3941 p
217 3886 270 3943 529
451 3871 579 3953 ἔπρεπεν
593 3872 689 3953 ἑξείης
704 3871 778 3954 μεταλ
792 3875 937 3940 θέσκελον
952 3870 1034 3958 ἦμαρ
1048 3876 1145 3940 ἐκεῖνο

451 3953 598 4031 {morisco
613 3963 754 4039 Χριστοῖο
768 3960 924 4040 γενέθλιον
939 3954 1022 4042 ἦμαρ
1038 3963 1169 4025 ἱκέσθαι.

286 4040 455 4119 exquibus
477 4041 682 4104 emendandus
704 4044 801 4105 codex
820 4044 1017 4127 Theophanis
1039 4047 1154 4123 editus,
1184 4048 1238 4129 qui
1259 4050 1301 4111 20
1325 4047 1392 4105 Do-
1480 4074 1481 4085 ³

285 4126 413 4183 cembris
437 4126 485 4185 die
503 4139 623 4206 peracta
645 4132 788 4189 encaenia
808 4126 911 4191 hebe‘t.
960 4130 1070 4193 horum
1091 4153 1162 4193 vero
1185 4134 1392 4191 ceremoniam

285 4212 329 4269 sic
345 4208 485 4270 describit
501 4212 584 4273 idem
597 4211 820 4293 Theophanes:
841 4215 865 4298 ἡ
883 4215 916 4280 δὲ
931 4223 1077 4298 παννυχὶς
1091 4222 1152 4281 τοῖν
1169 4212 1272 4279 αὐτοῖν
1287 4216 1392 4323 ίγιιαι·

284 4297 362 4359 stov
374 4296 496 4379 γέγονεν
512 4300 555 4375 τίς
571 4295 625 4365 τᾶν
640 4293 730 4385 ἅγιον
744 4296 909 4385 Πλάτωνα,
930 4303 982 4369 καλ
999 4304 1128 4389 ἐξῆλθεν
1147 4302 1267 4369 ἐκεῖθεν
1284 4311 1304 4367 'o
1327 4326 1391 4367 πα-
