3017 4817
268 274 342 353 140
704 276 768 344 DU
791 272 933 389 canon

264 443 348 505 idem
363 441 419 503 erit
435 459 470 499 ac
486 438 592 512 limera,
614 448 644 500 et
658 440 755 500 soleae
764 437 847 501 idem
861 438 943 523 quod
959 440 1080 514 listina·
1101 458 1161 522 qna
1176 439 1284 498 ultima
1296 459 1370 498 voce

264 541 391 590 utuntur
402 528 515 609 passim
531 528 701 607 scriptores,
724 526 799 585 dum
818 527 856 586 de
874 527 999 587 aedibus
1016 528 1107 586 saorIs
1120 528 1294 606 loquuntur,
1319 534 1371 583 aut
1492 533 1493 574 ἕ

266 616 305 675 da
321 618 359 674 iis
377 616 429 695 qui
448 610 487 670 ad
505 614 585 693 ipsas
601 632 701 673 sacras
716 612 807 673 aedes
819 615 884 673 voti
901 633 990 673 causa
1008 612 1243 693 proficiscuntur.
1287 612 1370 669 Pau-
1492 609 1493 680 l

263 703 345 761 linus
358 700 427 759 Nat.
442 700 479 760 9:
1492 687 1493 702 ¹

431 800 536 841 vnum
552 783 669 840 nubum
683 782 768 841 sones
782 791 907 863 agerent
922 781 997 840 baec
1007 782 1126 863 gaudii
1141 783 1230 853 soth,

431 888 486 927 nec
500 888 557 926 suo
574 866 729 927 liminibus
743 870 901 927 miscerent
907 867 1023 948 Ροοιιῖα
1037 869 1159 926 sancus.

268 964 299 1014 et
315 952 413 1013 infra:

596 1036 666 1095 cede
681 1037 810 1097 samiis

433 1120 590 1180 liminibus
607 1142 736 1201 serpens.

268 1205 342 1267 irinc
354 1207 511 1265 familiaris
526 1205 670 1287 loquendi
682 1207 830 1282 formula,
851 1205 898 1265 ad
906 1202 1015 1265 iimina
1029 1216 1201 1265 sanctorum
1214 1202 1372 1283 proficisci,

270 1302 323 1351 aut
346 1309 382 1351 ea
400 1294 539 1367 visitare,
562 1312 631 1351 cum
649 1288 686 1351 de
700 1294 738 1352 iis
753 1294 806 1373 qni
819 1290 859 1351 ad
873 1311 976 1351 eorum
993 1293 1131 1371 sepulcra
1145 1312 1199 1350 seu
1209 1293 1371 1349 memorias

270 1380 525 1458 peregrinationes
555 1378 715 1437 instituunt
737 1379 829 1437 verba
856 1378 970 1436 faciunt
996 1379 1163 1458 scriptores.
1205 1394 1278 1433 nam
1303 1394 1373 1433 cum

271 1474 444 1522 sanctorum
465 1464 610 1543 reliquiae
630 1482 664 1521 ac
681 1482 804 1544 corpora
818 1465 895 1521 intra
910 1460 1029 1521 absidas
1043 1464 1092 1520 vel
1109 1462 1228 1520 bemata
1241 1462 1274 1518 iu
1291 1461 1373 1519 Con-

271 1548 468 1622 fessionibus,
489 1544 523 1605 id
544 1557 589 1607 est
611 1549 667 1607 sub
688 1551 763 1628 ipsis
779 1548 941 1623 altaribus,
962 1546 1114 1606 recondita
1132 1556 1247 1621 essent,
1268 1544 1374 1605 iideles

270 1634 303 1691 in
317 1634 471 1691 liminibus
484 1652 539 1691 seu
551 1635 583 1690 in
597 1632 684 1691 soleis
695 1634 823 1692 bematis
837 1633 1054 1708 consistebant,
1075 1634 1178 1713 ibique
1188 1650 1291 1711 preces
1304 1650 1374 1690 suas

274 1738 310 1775 ao
327 1728 397 1777 vota
417 1717 623 1777 exsolvebant.
666 1720 834 1778 Nicolausr
855 1736 935 1797 papa
955 1720 1042 1796 epist.
1059 1718 1097 1779 8:
1119 1729 1207 1775 touta
1219 1716 1375 1774 lwminum
1492 1715 1493 1722 ’

273 1800 361 1861 rniiia
388 1804 566 1880 protectioni
595 1812 686 1880 utque
711 1802 913 1861 intercessioni
937 1802 979 1859 B.
1004 1802 1204 1880 apostolorum
1225 1803 1376 1880 prs'rscipie

274 1889 363 1946 Petri
376 1908 411 1944 ex
428 1884 566 1945 omnibus
573 1885 696 1961 finibus
710 1898 806 1946 terroe
812 1890 1042 1967 properantium
1056 1907 1117 1945 sese
1132 1886 1263 1966 quotidie
1276 1898 1377 1945 conte·
1492 1919 1493 1926 ι

274 1983 360 2041 narrt,
382 1982 519 2051 eiusque
542 1974 576 2029 irs
586 1971 686 2046 finem
702 1976 782 2031 vitoe
797 1994 871 2031 suae
884 1973 972 2051 opud
986 1976 1049 2031 eius
1063 1972 1171 2030 ἱίηιίπα
1184 1982 1274 2029 semet
1286 1992 1377 2029 naon·

274 2078 348 2115 snra
367 2066 553 2135 proponunt.
605 2058 648 2114 ita
669 2060 784 2137 passim
804 2056 885 2137 apud
905 2060 1055 2117 Victorem
1070 2076 1107 2116 ιιι
1127 2057 1179 2115 lib.
1199 2058 1221 2121 8
1244 2058 1377 2136 Dialog,

273 2144 370 2201 Leon.
394 2144 522 2201 Ostiens.
545 2145 566 2205 8
587 2142 644 2217 49,
668 2144 749 2202 Patr.
767 2144 893 2201 Diacon.
910 2140 1129 2206 Chr.0as1n.4
1151 2144 1209 2216 92,
1234 2153 1264 2200 et
1282 2144 1376 2217 alios3

271 2227 382 2309 quibus
404 2230 436 2285 in
460 2228 535 2287 locis
555 2244 617 2284 vox
639 2226 748 2285 iimina
768 2248 824 2307 pro
845 2230 911 2307 ipsa
929 2225 1004 2287 aede
1017 2247 1101 2287 sacra
1114 2231 1259 2302 sumitur,
1282 2226 1378 2287 idest

272 2332 343 2394 pars
361 2332 416 2393 pro
432 2322 506 2370 toto.
550 2308 724 2393 quanquam
739 2333 802 2371 non
816 2309 924 2371 desunt
939 2314 992 2393 qui
1008 2312 1116 2370 limina
1130 2332 1184 2391 pro
1197 2314 1263 2392 ipsa
1278 2314 1377 2392 prirna

274 2396 359 2457 aedis
374 2399 492 2476 porticu
507 2404 597 2476 atque
612 2395 687 2455 adeo
702 2400 777 2476 ipsis
788 2398 903 2456 foribus
917 2398 1047 2476 intelligi
1060 2396 1169 2456 debere
1183 2396 1377 2472 contendunt,

274 2484 309 2541 in
338 2484 448 2563 quibus
475 2480 677 2539 subsistebant
703 2484 945 2561 peregrinantes,
977 2503 1047 2542 cum
1075 2502 1111 2541 eo
1128 2493 1379 2563 prosequerentur

273 2568 357 2625 cultu
377 2570 460 2646 ipsos
476 2576 641 2643 martyres,
666 2576 700 2625 ut
717 2577 746 2625 et
759 2568 858 2647 ipsam
870 2564 977 2626 aedem
992 2570 1030 2627 iis
1046 2586 1163 2628 sacram
1175 2568 1276 2627 subire
1288 2588 1379 2627 vere-

273 2661 384 2710 rentur.
425 2651 571 2710 Paulinus
589 2652 656 2708 Nat.
673 2656 709 2715 6:

523 2735 576 2792 iiie
591 2746 692 2793 autem
708 2738 763 2816 qni
776 2737 856 2794 inuti
871 2738 1003 2794 mrtnerrb
1017 2736 1081 2794 olto

439 2820 610 2901 cansosuit
624 2820 757 2893 domino,
778 2820 883 2879 medin
898 2824 931 2881 irs
944 2820 1102 2881 limbiiluu
1115 2832 1214 2893 stans,

429 2904 573 2985 flensque
590 2908 696 2967 itonam
697 2948 710 2979 ,
734 2906 790 2966 seri
803 2907 933 2981 laeanb,
953 2906 1040 2966 modo
1054 2906 1156 2966 debito
1174 2908 1287 2966 Sancto

438 3000 509 3051 voto
523 2992 624 3071 refert.

276 3072 330 3136 sed
345 3084 375 3134 et
387 3074 539 3135 interdum
553 3080 634 3157 ipsos
646 3085 747 3157 postes
761 3076 989 3136 osculabanturt
1009 3072 1091 3135 unde
1103 3073 1185 3157 apud
1199 3072 1380 3157 Chryscsto·

275 3180 362 3219 mum
375 3162 489 3219 Hamil.
506 3166 525 3226 8
543 3164 577 3219 iu
591 3166 677 3241 epist.
690 3160 731 3220 ad
743 3160 913 3222 Corinthios
933 3157 1075 3243 πρόθυρα
1092 3164 1150 3224 cori
1169 3164 1251 3224 sacri
1270 3166 1381 3239 pileis,

274 3248 433 3305 Aratorem
448 3246 471 3303 l.
483 3248 503 3308 2
516 3249 628 3306 ilistor.
644 3267 745 3307 sacrae
759 3256 790 3306 et
803 3249 966 3305 Paulinam
978 3249 1047 3305 Nat.
1061 3250 1081 3311 6
1098 3246 1203 3306 osculo
1210 3247 1311 3325 figere
1320 3267 1382 3324 po·

165 3344 190 3399 p
206 3340 259 3399 686
275 3329 370 3389 stibus
371 3374 383 3402 ,
405 3328 603 3390 Prudentium
617 3334 730 3411 Hymu.
747 3338 767 3397 2
781 3342 810 3390 et
825 3334 864 3395 11
877 3332 1079 3410 apostolorum
1090 3344 1118 3389 et
1130 3344 1297 3413 martyrum
1312 3352 1381 3390 exo-

276 3416 393 3475 sculari
413 3416 539 3490 liminc;
561 3415 691 3499 denique
709 3416 791 3499 apud
807 3418 985 3497 Gregorium
1000 3418 1212 3477 Turonensem
1225 3416 1262 3476 de
1275 3418 1381 3475 Mirac.

275 3502 378 3563 Sancti
401 3502 524 3560 Martini
546 3500 566 3565 4
600 3502 651 3567 14.
694 3502 804 3562 lintius
830 3503 864 3562 S.
893 3504 1027 3561 Martini
1049 3502 1191 3562 osculnm.
1235 3503 1382 3561 Paulinus

274 3588 341 3648 loco
358 3584 497 3648 laudato:

441 3674 583 3731 ster-nino
596 3682 667 3731 onte
673 3672 776 3753 joras,
798 3683 827 3731 et
834 3670 973 3751 postibus
986 3671 1090 3731 osculo
1095 3672 1186 3753 figit,

389 3774 391 3780 ·
441 3768 470 3815 et
484 3758 618 3817 ionunr's
631 3760 714 3839 rigat
726 3777 814 3817 omne
824 3758 936 3831 solum,
954 3778 1015 3837 pro
1030 3758 1134 3816 limine
1146 3767 1250 3816 sancto

430 3842 529 3921 susus
545 3844 643 3901 humi.

277 3945 350 3986 nam
379 3927 636 4009 quemadmodum
663 3929 716 4010 qui
743 3928 1044 3987 excommunicantur
1063 3936 1094 3985 et
1114 3926 1152 3983 ab
1172 3924 1316 3983 ecciesiae
1334 3923 1384 3980 in-

276 4032 381 4090 gressu
410 4026 566 4089 arcentur,
603 4014 744 4073 dicuntur
764 4036 785 4071 a
806 4012 962 4071 liminibus
985 4010 1124 4071 ecciesiae
1144 4012 1282 4089 separari
1303 4006 1385 4087 apud

275 4098 371 4155 Leon.
392 4101 520 4159 Ostiens.
541 4103 559 4165 8
583 4098 640 4174 48,
662 4102 744 4157 Petr.
765 4101 850 4158 Diae.
871 4098 925 4156 lib.
946 4096 967 4160 4
989 4101 1042 4172 32,
1058 4096 1108 4172 57,
1123 4098 1174 4170 88,
1191 4094 1242 4170 94,
1257 4097 1328 4167 109,
1354 4102 1385 4151 et

278 4183 354 4241 alios
369 4186 498 4261 passim,
521 4186 563 4243 ita
577 4186 803 4265 peregrinantes
820 4182 1001 4242 humilitatis
1016 4184 1200 4262 maiorisque
1213 4180 1386 4237 veneratio-

277 4270 325 4329 uis
350 4270 465 4347 gratia,
486 4289 522 4331 ao
538 4272 764 4331 Paenitentiam
782 4272 895 4347 instar,
916 4270 950 4328 in
970 4270 1045 4349 ipsis
1066 4267 1222 4328 liminibus
1237 4264 1386 4326 subsiste-
