3017 4817
586 292 842 365 PRAEFATIO:
1200 316 1266 369 mr

159 468 207 529 rit
219 462 366 527 sollicitus
387 464 431 537 (ο.
451 462 546 541 278),
573 460 773 525 nibilominus
788 458 868 523 illud
884 461 976 543 plane
992 461 1135 525 ultimum
1158 465 1388 552 fnissetp,1111

162 570 249 631 urbis
261 566 406 643 ennam,
434 564 495 623 nisi
511 582 654 645 praesens
673 564 711 625 de
734 567 818 626 caelo
838 562 1011 625 advenisset
1029 566 1214 646 praesidinm
1235 580 1267 631 et

161 672 332 731 munimen.
373 684 481 747 porro,
508 666 536 725 si
553 664 628 729 fides
639 665 781 727 habenda
793 677 840 729 cst
852 668 965 727 auctori
979 666 1120 728 Chronici
1131 668 1267 731 Pascha-

160 775 218 850 lis,
245 774 314 852 ipse
326 770 462 829 Abausm
481 763 546 826 dux
558 764 718 847 chaganus
728 771 852 842 nonnisi
864 772 984 829 territus
999 767 1113 831 destitit
1128 772 1166 831 ab
1180 773 1265 837 urbis

162 874 408 954 expugnatione,
437 866 521 951 qnod
538 867 693 949 deiparam
712 869 838 932 vidisset
854 891 910 952 pro
928 872 1095 953 cpolitanis
1115 871 1266 935 dimican-

162 987 237 1037 tem.
278 973 333 1039 sul
352 976 441 1039 coito
462 971 542 1055 lltye
560 975 603 1059 epi
620 976 715 1057 καιρῷ
734 977 792 1037 τοῦ
812 971 964 1054 πολέμου,
1005 968 1053 1039 ὅτι
1075 972 1134 1061 tyci
1155 982 1268 1064 daupei

161 1084 294 1163 γυναῖκα
307 1077 559 1158 οεμνοφοοοῦοον
573 1073 616 1149 εἰς
630 1071 664 1137 sd
683 1080 778 1155 τεῖχος
790 1068 889 1157 μόνον
900 1066 1006 1141 οὖσαν.

247 1185 280 1247 8.
320 1170 509 1241 Ἀκᾶθοστον
522 1170 638 1258 ὕμνον,
659 1174 806 1256 hynmum
817 1176 1013 1250 amthismm,
1034 1178 1089 1260 qui
1110 1178 1149 1239 ob
1165 1180 1263 1241 ricto-

162 1282 240 1341 rism
256 1277 294 1338 de
309 1278 457 1338 Abaribus
471 1281 504 1337 in
519 1298 624 1338 recens
634 1272 801 1338 memorato
816 1278 897 1338 bello
913 1280 1038 1339 relatam
1051 1282 1178 1363 scriptus
1191 1283 1262 1361 fuit,

163 1402 271 1458 nemo,
293 1379 376 1462 qnod
390 1382 503 1458 fateor,
524 1379 605 1441 inter
618 1398 709 1459 opera
723 1378 844 1441 Pisidae
857 1384 1017 1441 recensuit.
1058 1402 1115 1443 nos
1132 1401 1193 1465 qna
1210 1404 1262 1443 ra-

163 1488 248 1545 tione
269 1480 349 1541 ducti
369 1484 419 1543 rel
435 1484 545 1565 quibus
561 1482 743 1562 argumentis
756 1482 826 1541 freti
840 1480 874 1542 id
888 1481 1060 1543 faciendum
1075 1482 1261 1565 duxerimus,

164 1606 222 1648 sno
237 1588 303 1647 loco
316 1588 522 1665 exposuimus.
565 1588 593 1646 si
614 1587 663 1645 cui
682 1596 785 1645 temen
803 1586 895 1643 nimis
907 1584 1043 1644 infirmae
1057 1586 1186 1647 acleres
1202 1608 1262 1648 no-

163 1702 245 1751 strae
259 1692 442 1749 coniecturae
456 1687 645 1765 videbuntur,
664 1688 694 1746 is
706 1687 798 1767 plane
813 1686 908 1744 cuivis
921 1687 1022 1765 potius
1036 1688 1261 1769 quamPisidee

162 1788 246 1851 bunc
266 1788 416 1872 hymnum
439 1791 589 1855 stu-ibunt.
630 1808 737 1849 vcmm
754 1789 909 1869 scripsisse
928 1786 1080 1865 Pisidam,
1109 1800 1145 1849 nt
1164 1802 1262 1852 cetera

163 1896 317 1969 omittam,
346 1890 420 1951 inde
434 1894 525 1951 etiam
538 1892 604 1951 ficri
616 1894 712 1972 possit
722 1892 926 1972 probabilius,
949 1888 1032 1973 quod
1043 1892 1109 1972 ipse
1121 1894 1156 1951 in
1169 1914 1264 1973 supe-

163 1998 235 2057 riori
252 2002 393 2077 potmate
410 2003 480 2074 post
501 1991 732 2074 descriptionem
748 1995 824 2053 belli
832 1994 953 2053 Abas-ici
968 1995 1116 2074 populum
1127 1996 1263 2077 cpolita-

160 2118 237 2159 num
250 2096 291 2157 ad
305 2094 456 2179 hymnum
472 2094 690 2157 concinendum
702 2094 841 2155 hortatur
849 2116 880 2158 r.
894 2096 969 2161 602·

248 2198 280 2263 4.
323 2197 383 2272 Εἰς
401 2193 459 2278 τήν
482 2194 573 2279 ἁγίαν
593 2202 649 2261 τοῦ
663 2200 799 2282 Χριστοῦ
818 2199 875 2260 τοῦ
890 2199 972 2259 θεοῦ
984 2192 1073 2277 efpcir
1086 2188 1261 2275 decimaris,

161 2306 198 2362 irs
222 2310 360 2361 muctam
384 2302 455 2361 Iesu
481 2299 593 2359 ebusi
618 2300 668 2359 dei
693 2301 790 2359 nostri
808 2300 1060 2357 resurrectionem.
1104 2298 1195 2359 breve
1215 2308 1263 2359 est

160 2404 353 2485 poemenen,
375 2410 513 2461 constans
531 2404 589 2466 129
604 2405 745 2481 ueneriis,
773 2404 807 2463 in
823 2421 883 2484 quo
895 2400 1017 2478 Pisida,
1038 2412 1160 2481 sumpta
1172 2419 1262 2459 occa-

160 2510 247 2569 sione
268 2524 287 2563 n
305 2522 418 2582 magno
437 2500 592 2565 Pascbatis
613 2505 709 2581 festo,
752 2503 929 2565 Christianis
957 2506 1124 2585 praeceptis
1150 2502 1263 2576 imbuit

160 2610 259 2670 lilium
277 2604 426 2682 Heraclii,
461 2606 600 2665 Flavium
622 2607 868 2685 Constantinam,
904 2625 1034 2689 eumque
1055 2604 1095 2664 ad
1114 2604 1262 2679 imitanda

160 2712 315 2793 praeclara
327 2716 410 2790 gesta
422 2708 516 2787 patris
530 2708 705 2771 inflammat.
748 2710 896 2769 scribebat
908 2708 985 2769 baec
1001 2715 1091 2789 poeta
1106 2710 1187 2768 circa
1203 2728 1261 2767 an-

160 2832 240 2873 num
253 2812 313 2877 627
319 2854 329 2888 ,
357 2830 417 2893 quc
437 2820 573 2891 tempore
587 2811 742 2871 Heraclius
762 2814 874 2871 itermn
890 2813 925 2869 in
937 2809 1095 2871 Persidem
1107 2812 1261 2889 profectus

161 2911 328 2975 Ghosroem
340 2915 461 2992 penitus
476 2910 595 2977 devicit.
636 2912 774 2973 hortetur
785 2916 869 2986 enim
881 2914 979 2971 lilium
998 2933 1030 2971 r.
1046 2914 1124 2986 112,
1144 2921 1180 2969 ut
1193 2912 1260 2971 elo-

161 3010 310 3098 quentiae,
317 3013 417 3075 studio
430 3016 599 3092 incumbat,
621 3034 682 3097 qua
692 3017 827 3075 munitus
840 3016 936 3096 possit
948 3016 1027 3094 patri
1040 3009 1144 3071 reduci
1155 3020 1259 3091 gratu-

161 3116 526 3197 larieiusquevirtutem,
556 3129 586 3177 et
606 3120 751 3197 pietatem
770 3114 995 3179 commendare:
1019 3107 1090 3179 ἄλλ’
1110 3107 1260 3197 scirpuli·
1296 3118 1305 3132 ’

161 3222 218 3283 rori
235 3212 326 3301 λόγου
345 3215 402 3301 τὴν
416 3215 545 3295 dorida,
576 3213 659 3304 irae
675 3216 735 3305 πρὸ
753 3214 879 3285 πάντων
900 3216 1033 3305 adpetiit
1049 3209 1261 3298 πρωτοστάτης

162 3316 289 3403 φράζον
313 3320 448 3398 derivem
468 3326 525 3387 rosi
541 3316 654 3406 πατρός
675 3342 731 3389 σου
752 3319 826 3400 rode
844 3317 962 3398 sisere
983 3317 1038 3398 ode
1052 3313 1126 3400 int,
1133 3312 1261 3385 πάντων

161 3420 274 3487 &talei
286 3418 504 3509 sod'p‘pipco.

247 3526 280 3593 6·
321 3522 481 3610 Ἦριοιλιᾶς
494 3522 564 3608 ἤτοι
577 3526 622 3603 εἰς
635 3522 694 3609 teir
708 3528 823 3593 reicies
843 3532 961 3595 moero
973 3531 1030 3593 rori
1046 3519 1188 3609 Xcrpc‘co
1204 3523 1264 3605 βο-

161 3626 277 3705 eatae.
318 3629 485 3690 Heraclius
497 3630 559 3689 sive
575 3630 613 3689 de
625 3641 751 3689 extraneo
772 3631 920 3691 Choeroaa
931 3630 1097 3692 Per'ecmm
1115 3627 1196 3706 regis
1211 3643 1264 3683 ex-

98 3800 106 3817 ,
159 3732 249 3791 adio.
296 3730 374 3792 dnae
387 3743 457 3792 sunt
468 3734 621 3809 Acroases,
642 3733 676 3791 in
689 3731 798 3815 quibus
807 3734 911 3795 Pisida
925 3736 1033 3814 reptim
1046 3740 1077 3791 et
1088 3729 1200 3789 cursim
1212 3742 1389 3818 res1,‚xlv

159 3852 268 3896 ornnes
288 3836 326 3893 ab
347 3838 486 3897 Heraclio
508 3856 576 3897 cum
600 3832 683 3893 domi
703 3846 771 3895 tom
789 3836 870 3897 bello
890 3848 991 3916 gestas
1011 3840 1148 3907 enarum,
1185 3848 1264 3911 quae

159 3956 253 3996 musa
272 3936 383 4019 opinor'
397 3941 457 3999 fuit
474 3950 509 3999 nt
523 3938 727 3999 Heraclioclos
746 3940 869 4001 titulum
888 3942 962 4020 ipsis
983 3940 1166 4016 imponeret:
1188 3950 1263 3991 mm

157 4034 246 4117 (111ῠᾶ
265 4037 306 4107 td
325 4042 465 4102 ultimam
483 4040 600 4103 cladem
612 4040 827 4103 Chosroaerel
840 4040 881 4101 ad
891 4037 1059 4101 secundum
1070 4044 1172 4096 contra
1186 4037 1263 4095 Per-

157 4158 210 4199 sas
221 4140 340 4201 bellum
353 4154 486 4225 spectat,
507 4142 542 4203 id
553 4144 677 4226 quidem
688 4148 762 4205 satis
775 4145 883 4205 leviter
896 4142 1034 4220 attingit,
1059 4140 1197 4221 quamvis
1211 4135 1264 4197 bic

158 4242 201 4303 tit
212 4248 392 4327 praecipuus
405 4250 573 4329 argumenti
585 4267 694 4329 scopus
708 4258 800 4331 atque
813 4248 889 4306 illuc
902 4264 922 4303 a
934 4242 1081 4325 principio
1093 4258 1265 4304 sermonem
1355 4266 1359 4278 ¹
