3017 4817
263 294 336 367 156
523 294 734 380 QUERGIUS
760 293 806 361 IN
830 292 1106 361 numccnnls

261 464 427 543 imagines3
449 462 497 521 cui
510 462 554 519 rei
566 470 667 541 aperte
679 457 729 519 bic
745 457 852 518 alludit
864 466 964 541 poeta,
1003 462 1037 518 ui
1049 458 1135 519 testis
1146 458 1242 517 etiam
1255 460 1371 521 citatur

262 572 280 609 a
296 546 484 628 Theophane
491 568 528 625 p.
545 548 624 611 2502
645 538 720 625 ᾗκεν
731 541 904 627 Ἡράκλειος
914 540 976 609 dud
998 546 1142 626 Αφριυῆς
1152 541 1260 622 atem
1270 550 1368 609 πλοῖα

261 628 485 712 rementiatur
507 631 612 712 ἔχοντα
634 629 668 695 ἐν
686 636 750 705 τοῖς
769 632 940 711 meurisse
960 625 1088 711 κιβῶτια
1102 628 1155 691 sat
1170 626 1294 703 εἰκόνας
1307 635 1367 711 τῆς

259 714 466 800 tropicoque,
488 712 563 779 suad
576 713 627 777 eui
641 712 659 779 d
673 716 815 789 Πισίδιος
829 710 981 797 Γεόργιος
992 714 1079 795 λέγει.
1121 712 1195 773 binc
1208 718 1364 793 corrigen-

262 804 319 865 dus
344 802 515 878 (ledrenus,
537 804 591 882 qui
612 821 681 860 curn
700 821 779 881 pene
793 798 971 860 adverbum
983 797 1206 881 Theophanem
1218 803 1364 859 mmcd-

260 892 329 965 bat,
352 887 403 947 bic
425 889 463 947 ab
485 908 521 947 eo
539 884 695 945 discedens
708 889 751 944 ait
764 886 938 945 Heraclium
953 886 1071 967 (ipolim
1086 885 1240 965 appulisse
1254 886 1364 959 lupe-

260 970 390 1059 ρόμενον
410 968 468 1053 τήν
483 966 717 1053 Ιυἷχυυροποίητυυ
730 968 836 1033 εἰκόνα
850 976 906 1035 rosi
920 974 1028 1054 supino
1042 970 1095 1034 sal
1108 973 1190 1034 θεοῦ
1202 967 1293 1050 affusis
1302 964 1362 1052 Ἰη-

261 1063 319 1125 cet
334 1061 475 1139 Χριστοῦ.
518 1054 588 1117 ride
602 1056 639 1115 cle
651 1056 769 1135 mpod.
786 1059 804 1119 1
830 1055 901 1121 140.

323 1172 326 1179 '
345 1161 396 1222 17.
438 1160 581 1234 Perseus,
610 1166 644 1215 ut
669 1167 714 1216 est
734 1158 767 1213 in
786 1155 914 1231 fabulis,
942 1153 1101 1216 Medusam
1117 1157 1290 1237 Gorgonem
1309 1159 1359 1217 in-

258 1247 394 1319 teremit,
414 1246 538 1325 eiusque
553 1251 642 1323 caput
655 1241 820 1302 abscissum
833 1242 867 1298 in
878 1240 994 1321 Aegide
1008 1242 1183 1319 collocavit,
1204 1246 1287 1302 cuius
1301 1264 1361 1322 cpe

259 1340 364 1409 postea
381 1327 609 1388 Andromedam
625 1346 700 1385 saxo
721 1344 886 1404 appensam
900 1337 931 1384 et
945 1337 1009 1385 ceto
1024 1328 1140 1385 marino
1153 1337 1284 1387 monstro
1299 1349 1360 1386 ex-

254 1418 390 1493 positam
405 1414 553 1473 liberarit.
597 1412 651 1473 sed
667 1413 824 1469 Heraclius
837 1411 972 1491 aliquam
985 1412 1110 1489 virginis
1122 1414 1236 1471 Mariae
1246 1416 1358 1493 imagi-

259 1518 331 1557 nem
345 1502 499 1558 miraculis
512 1501 640 1575 claram,
662 1505 696 1555 ut
708 1495 843 1570 ridetur,
866 1494 987 1571 habuit,
1011 1514 1071 1575 qua
1082 1506 1115 1554 ut
1127 1498 1269 1576 Gorgone
1282 1502 1360 1559 Per·

257 1603 344 1660 saus,
365 1587 398 1643 in
412 1585 618 1666 praesentibus
635 1582 775 1663 periculis
787 1580 937 1640 utebatur.
980 1578 1051 1639 vide
1066 1580 1150 1660 infra
1164 1603 1194 1641 r.
1210 1585 1264 1646 91.

340 1689 394 1749 20.
436 1688 600 1745 Hesionam
626 1684 721 1742 filiam
745 1693 870 1763 epatre
894 1678 1113 1757 laomedonte,
1144 1686 1197 1763 qui
1217 1696 1282 1744 erat
1301 1706 1359 1745 rex

256 1771 384 1845 Troiae,
407 1781 471 1831 ceto
489 1770 626 1831 similiter
645 1769 830 1851 expositam,
851 1778 887 1825 ut
905 1768 1038 1846 Neptuni
1055 1768 1223 1845 placaretur
1241 1773 1303 1843 ira,
1326 1784 1360 1831 et

256 1856 294 1913 ab
318 1857 447 1914 Hercule
468 1853 577 1915 deinde
598 1854 756 1915 liberatam
773 1852 883 1926 fuisse,
905 1862 1027 1914 nunaut
1040 1850 1214 1931 mythologi.
1256 1854 1358 1914 iidem

255 1941 430 2001 fabulantur
461 1938 624 1998 Herculem
652 1935 843 2021 indignatum
865 1936 948 2018 quod
968 1940 1236 2016 praestantissimos
1256 1960 1358 2019 equos

256 2022 358 2083 divino
374 2027 489 2084 semine
503 2033 673 2105 procreatos
689 2024 726 2081 ob
742 2020 917 2081 huiusmodi
929 2022 1108 2081 beneficium
1121 2023 1179 2081 sibi
1190 2028 1359 2104 promissos

254 2129 317 2169 non
331 2108 477 2187 dedisset,
500 2129 603 2189 regem
617 2110 820 2167 obtruncasse.

339 2214 392 2277 27.
435 2208 620 2297 γυυυυικούς
633 2210 690 2293 ἔχει
704 2204 823 2287 τόνους,
841 2210 894 2290 qui
905 2210 1052 2269 moralem
1063 2229 1188 2269 sensum
1199 2210 1234 2269 in
1245 2212 1359 2275 fabulis

256 2300 383 2378 quaerit.

339 2404 392 2465 80.
434 2403 535 2461 forsan
546 2400 655 2461 melius
669 2393 778 2462 ἄλλων.
833 2422 838 2431 ·

340 2502 392 2563 82.
436 2496 481 2564 δι’
496 2500 578 2580 duria
591 2502 706 2561 sufficet
723 2495 943 2580 υεσυσμὲυυυς,
964 2498 1052 2580 quasi
1069 2495 1185 2561 diceret
1204 2499 1356 2561 observa-

254 2592 300 2639 tcs
317 2584 405 2643 eires.
454 2584 552 2644 codex
563 2584 694 2644 babebat
708 2580 800 2665 τύχης
813 2605 883 2643 curn
898 2584 931 2647 oi
943 2587 1142 2664 superposito.

337 2667 390 2731 81.
433 2664 470 2732 sci
488 2675 543 2734 τοῦ
563 2666 663 2751 δήμου
680 2666 783 2752 ipsios]
801 2690 871 2727 cum
888 2668 977 2744 dicit,
998 2680 1100 2749 aperte
1117 2671 1298 2745 factionum,
1318 2671 1355 2727 in

215 2773 218 2781 ·
253 2770 329 2833 quas
343 2763 406 2813 tota
421 2756 578 2835 cpolitane
596 2758 699 2814 ciritae
718 2766 781 2813 erat
796 2752 907 2829 divisa,
929 2757 1038 2812 miram
1052 2756 1247 2813 insolentiam
1259 2753 1357 2813 auda·

253 2840 331 2895 ciam
350 2852 379 2899 et
398 2844 598 2900 temeritatem
616 2838 763 2919 designat.
806 2850 946 2920 quattuor
956 2840 1050 2899 fuisse
1062 2841 1095 2896 in
1109 2839 1192 2898 ludis
1205 2842 1358 2900 Circensi-

253 2920 309 2981 bus
331 2924 492 3002 factiones,
518 2948 559 2986 ex
582 2936 721 3006 quattuor
739 2924 886 2983 coloribus
899 2925 1008 3005 quibus
1025 2921 1285 3003 distinguebantur
1297 2944 1356 3004 ap-

250 3009 388 3087 pellatas,
413 3013 577 3071 Praeinum
597 3012 739 3070 Venetam
753 3010 921 3067 Rementem
936 3009 1101 3081 Albatam,
1123 3021 1233 3067 norunt
1246 3030 1357 3069 omnes

252 3092 371 3153 eruditi.
415 3095 470 3155 sed
485 3100 626 3156 Prasinae
642 3106 672 3154 et
683 3098 815 3155 Venetae
828 3096 1020 3174 potissimum
1030 3097 1144 3153 mentio
1157 3094 1188 3151 fit
1201 3093 1283 3172 apud
1298 3092 1355 3152 bi-

252 3180 388 3239 storicos.
431 3201 509 3262 quae
530 3192 632 3241 autem
652 3191 824 3261 quantaque
836 3180 928 3237 fuerit
942 3182 1054 3238 civium
1066 3180 1288 3262 Cpolitanorum
1299 3180 1356 3237 in-

253 3264 337 3321 sania
350 3266 382 3321 in
395 3268 457 3323 suis
469 3268 603 3344 partibus
619 3263 772 3340 fovendis,
795 3276 826 3323 et
839 3284 931 3344 quam
940 3267 1044 3343 gravia
1057 3284 1148 3343 saepe
1160 3262 1232 3322 inde
1245 3276 1357 3323 exorta

252 3344 377 3405 dissidia
396 3360 426 3407 et
443 3353 584 3409 urtestina
605 3351 685 3410 bella
707 3370 777 3408 cum
792 3352 929 3408 maximo
942 3350 1026 3408 urbis
1038 3348 1231 3409 incommodo
1248 3362 1279 3409 et
1290 3352 1356 3409 im-

251 3442 424 3511 peratorum
436 3436 584 3514 periculo,
608 3435 695 3495 docet
707 3437 887 3513 Procopius,
909 3436 993 3517 qui1
1016 3438 1057 3499 29
1078 3434 1216 3493 deBello
1230 3437 1356 3494 Persico

250 3518 487 3578 funestissimam
506 3520 685 3581 seditionem
701 3540 741 3578 ex
755 3521 921 3579 factionum
933 3521 1124 3579 contentione
1137 3522 1278 3599 Byzantii
1294 3541 1355 3579 ex-

250 3612 346 3661 ortam
360 3603 514 3682 describit,
537 3618 567 3665 et
582 3608 667 3665 Hesi.
681 3605 803 3664 Are-ars.
820 3626 847 3663 c.
861 3610 882 3669 7
898 3604 1063 3663 earundem
1077 3606 1244 3665 factionum
1256 3608 1355 3665 licen-

250 3690 325 3747 tiam
338 3689 457 3749 abunde
469 3702 579 3751 narrat.
622 3710 728 3750 rerum
743 3710 803 3771 qua
816 3692 991 3749 auctoritate
1004 3692 1099 3749 fretus
1111 3692 1243 3750 Rosinus
1254 3692 1354 3749 Anti-

250 3776 358 3851 quitct.
376 3776 467 3835 Rom.
484 3780 504 3841 5
526 3775 546 3841 5
568 3774 703 3835 adfirmet
715 3786 785 3855 post
798 3774 976 3835 seditionem
988 3776 1074 3833 iilam
1087 3777 1298 3855 Byzantiuam,
1321 3778 1353 3834 in

249 3877 311 3939 qua
322 3880 412 3939 supra
423 3864 546 3940 triginta
557 3860 717 3921 bominum
730 3862 815 3919 milia
834 3858 981 3919 trucidata
1003 3872 1088 3935 sunt,
1111 3862 1280 3919 lucdunum
1293 3883 1353 3920 no-
1389 3913 1394 3921 .

248 3947 332 4003 ruina
347 3947 458 4005 abolita
471 3947 575 4023 fuisse,
586 3948 676 4027 plane
691 3949 805 4006 nescio.
825 3957 1036 4026 praeterquam
1052 3944 1135 4027 quod
1148 3948 1353 4006 enimProco-

248 4030 317 4104 pius
335 4029 368 4087 id
388 4032 572 4108 contradit,
593 4042 676 4112 patet
692 4052 732 4089 ex
747 4032 887 4091 omnibus
901 4032 1095 4109 scriptoribus
1109 4034 1286 4110 Byzantinis
1302 4034 1352 4089 fa-

225 4140 227 4143 ·
249 4112 382 4173 clinnum
394 4118 517 4175 nomina
535 4128 565 4175 et
578 4128 739 4196 potestates
753 4117 857 4175 multis
872 4126 941 4196 post
954 4118 1353 4201 iustinianumltemporibus

248 4193 435 4271 perdurasse.
465 4204 616 4263 acVeneti
628 4200 753 4283 quidem
770 4212 800 4261 et
815 4204 933 4261 Prasiai
949 4203 1005 4261 sub
1022 4204 1254 4280 imperatoribus
1262 4206 1353 4261 biau-

249 4279 319 4337 ricio
335 4291 365 4339 et
376 4280 478 4345 Pboca
491 4306 582 4367 saepe
599 4288 746 4349 tumultus
767 4288 936 4347 excitarunt
949 4298 980 4347 st
992 4286 1031 4347 de
1044 4308 1144 4347 rertsm
1158 4306 1281 4349 summa
1296 4286 1356 4347 de·

1270 4381 1291 4414 Ὦ
