3017 4817
375 246 630 319 orscrnrro
653 247 689 319 s.
716 227 910 319 sorum
1172 247 1243 323 151

134 412 249 477 olesias
275 432 350 476 rasa
377 422 408 475 et
434 412 634 477 sacerdotales
660 422 761 477 restes
783 422 936 495 spectem,
963 413 1142 496 priusquam
1160 432 1255 490 sacra

132 511 333 583 perageretur
343 501 466 581 liturgia
482 522 538 562 seu
553 500 689 563 divium
702 520 738 560 ao
756 502 991 562 ecclesiasticum
1001 500 1150 576 officium,
1172 521 1244 561 mu·-

133 592 186 647 uia
201 587 327 647 obibant
339 587 484 663 Diaconi,
504 585 561 647 sed
576 598 607 647 et
620 585 817 647 concidebant
834 606 889 667 pro
904 589 1038 647 muneris
1054 588 1104 645 sui
1116 589 1243 647 ratione.

134 693 175 733 an
188 693 264 733 vero
279 671 469 733 diaconicum
483 675 627 733 ecclesiae
640 671 724 733 idem
737 673 830 733 fuerit
841 692 913 731 cum
927 692 963 731 eo
975 692 1092 733 carcere
1105 674 1159 753 qui
1170 692 1257 751 per·.

133 757 207 817 iude
227 756 378 819 diaconici
395 778 508 818 nomen
525 756 648 836 hebuit,
677 756 769 817 rideo
790 758 987 833 controverti,
1009 760 1066 817 etsi
1084 757 1241 837 probabile

133 846 173 903 sit
191 842 325 903 eandem
341 840 487 903 exedram
502 845 609 905 fuisse.
649 862 722 905 uam
741 862 811 903 cum
825 844 912 903 nefas
928 841 1071 903 ducerent
1084 845 1176 923 prisci
1188 863 1241 903 ec-
1256 843 1280 899 1³
1297 844 1349 903 594

133 930 247 989 oleaiae
270 930 427 1009 pontifices
448 949 517 991 reos
541 931 666 989 clericos
688 948 751 989 uua
772 950 842 989 cum
857 930 917 989 reis
933 929 1119 990 secularibus
1134 926 1243 989 eodem

133 1034 255 1074 carcere
278 1013 421 1089 detineri,
446 1035 501 1075 seu
522 1013 605 1096 quod
625 1032 713 1075 suam
726 1016 761 1073 iu
776 1034 829 1075 eos
845 1016 1053 1074 auctoritatem
1070 1023 1102 1073 et
1116 1013 1243 1073 iurisdi-

132 1102 268 1161 ctionem
280 1120 398 1160 serrare
412 1118 447 1158 uo
461 1102 556 1175 tueri,
577 1100 643 1177 rel,
665 1099 748 1182 quod
758 1120 829 1161 vero
841 1102 971 1161 similius
983 1112 1046 1175 est,
1067 1119 1139 1159 cum
1150 1100 1243 1159 cleri-

132 1188 175 1245 cis
193 1188 259 1245 siris
275 1188 380 1245 mitius
394 1204 483 1265 agere
497 1186 611 1245 vellent
624 1204 718 1267 quam
732 1187 832 1245 solent
853 1185 997 1247 ordinarii
1016 1182 1150 1261 iudices,
1168 1186 1241 1245 illos

131 1274 163 1329 iu
184 1272 383 1330 ecclesiarum
402 1272 570 1331 secretariis
587 1268 828 1352 sceuophylaciis
841 1282 894 1331 aut
909 1269 1145 1331 catechumeniis
1159 1268 1240 1331 deti-

131 1356 257 1432 uebant,
273 1376 429 1437 quousque
442 1376 498 1436 por
508 1358 724 1435 paenitentiam
738 1358 776 1417 iis
789 1358 971 1437 impositam,
984 1376 1077 1437 quam
1089 1356 1240 1434 ἐπιτίμιον

130 1452 253 1517 vocant,
272 1452 485 1522 peractamque
499 1462 553 1503 aua
567 1444 741 1523 expiassent
754 1441 864 1501 delicta
876 1462 911 1501 uc
925 1445 1060 1502 crimina.
1101 1443 1145 1499 ita
1161 1443 1240 1499 Gre-

131 1528 235 1605 gorius
249 1546 276 1585 n
291 1528 340 1587 PP
353 1529 387 1585 iu
401 1529 489 1608 epist.
501 1532 524 1593 2
538 1526 579 1587 ad
590 1532 725 1587 Leonem
737 1530 876 1588 Isauram
888 1530 923 1586 iu
936 1546 985 1588 ru
997 1523 1140 1607 Synodo:
1155 1546 1240 1604 porr-

129 1612 242 1687 eticae,
263 1611 319 1672 ubi
334 1614 403 1692 quic
419 1614 570 1690 peccant,
589 1646 634 1659 -
653 1632 723 1673 eum
744 1624 893 1693 tanqum
908 1614 1120 1682 incarceret»,
1140 1612 1175 1668 in
1190 1630 1240 1667 rs-

130 1700 265 1756 crataria
290 1717 503 1777 sacrorumque
527 1718 669 1758 vasorum
697 1700 819 1757 aeraria
838 1697 1015 1769 coniicium,
1042 1697 1078 1753 irc
1097 1694 1247 1755 ecolesma.

129 1782 276 1841 ὡααοκια
295 1794 324 1839 st
340 1784 375 1841 in
391 1782 607 1842 catechumeno
624 1781 783 1863 allegunt.
826 1780 900 1841 hinc
919 1801 982 1841 nou
998 1780 1094 1841 semel
1108 1780 1240 1860 legimus

129 1869 163 1927 iu
189 1869 355 1927 Diaconica
379 1869 445 1927 rica
472 1870 598 1928 carceris
622 1870 773 1929 coniectos
797 1869 920 1927 clericos
945 1864 1173 1948 delinquentes:
1201 1885 1241 1927 eo

130 1955 215 2011 enim
235 1963 352 2032 spectet
369 1952 425 2012 lex
445 1957 487 2018 30
510 1950 577 2013 cod.
596 1950 719 2013 Theod.
744 1950 784 2013 de
806 1956 946 2011 Haeret:
975 1951 1078 2011 cunco
1097 1950 1242 2009 hunerici

127 2038 242 2117 procia!
257 2036 349 2097 mou
368 2039 505 2098 muniat
518 2035 876 2097 omnrosrlilocnleuius
889 2035 1149 2096 urbisadimcnda
1163 2056 1241 2109 sees,

129 2127 197 2183 eivs
216 2122 273 2181 asab
296 2122 488 2183 eccleoiorum
507 2127 629 2183 nousine
646 2134 818 2193 ίακιακεαν,
838 2124 902 2181 sive
914 2142 993 2201 quae
1006 2123 1167 2200 diaconico
1177 2142 1239 2199 op-

126 2208 290 2287 pellam
300 2208 351 2268 vsi
360 2212 451 2267 κίἰαπι
463 2208 619 2269 decanica.
665 2226 726 2290 quo
746 2208 816 2267 loco
832 2216 934 2265 censet
948 2206 1087 2265 (luiacius
1100 2206 1240 2265 &oceni-

129 2291 299 2353 cumidem
311 2313 376 2353 essa
391 2292 474 2376 quod
489 2294 682 2365 άιααιιίαιικι,
702 2310 853 2351 carcerem
863 2310 976 2371 nempe
990 2290 1238 2366 ecclesiasticum,

128 2382 161 2439 in
175 2398 239 2461 quo
252 2377 463 2439 detinebantur
475 2382 520 2439 rei
532 2380 652 2455 clerici;
677 2396 738 2459 qua
758 2379 881 2439 notione
900 2378 1045 2457 accipitur
1060 2374 1238 2436 decanicum

128 2464 212 2545 apud
233 2466 386 2524 lulianum
402 2467 631 2524 Antecessorem
644 2465 772 2523 (lonatit.
784 2464 843 2528 73:
866 2473 1003 2521 ικιαιιιον
1018 2472 1121 2519 auum
1136 2461 1240 2521 ἰὶιίιιιιι

128 2553 308 2610 commane
320 2552 354 2609 in
366 2550 518 2609 duanae
532 2548 726 2607 oculatorum
739 2546 930 2619 recludere,
950 2556 1144 2625 competentes
1159 2566 1238 2624 poe-

128 2656 186 2695 nae
206 2635 355 2709 licium
377 2656 455 2716 quoe
478 2632 606 2695 totidem
617 2634 717 2694 verbis
730 2642 852 2692 exstant
864 2633 918 2692 lib.
934 2630 954 2696 ὖ
969 2633 1067 2713 Capit.
1080 2633 1181 2692 Caroli
1192 2634 1238 2692 Μ.

129 2742 155 2781 c.
168 2718 245 2787 225.
266 2720 322 2779 ubi
333 2721 460 2780 Novella
473 2716 788 2785 lenitatemue
803 2716 837 2781 ἐκ
853 2723 918 2792 τοῖς
931 2717 1131 2797 καλουμένοις
1144 2718 1237 2781 δικα-

127 2811 238 2880 νικοῖς.
283 2803 418 2864 decanici
437 2814 608 2884 praeterea,
630 2804 681 2865 rel
693 2805 794 2883 potius
809 2803 984 2876 δικανικοῦ,
1005 2805 1132 2861 occurrit
1144 2822 1235 2863 meu·

128 2894 170 2951 tio
191 2895 226 2949 in
243 2892 463 2971 supplicatione
481 2890 587 2949 Basilii
610 2887 729 2949 diaconi
742 2892 775 2947 in
790 2889 925 2947 Concilio
937 2885 1092 2967 Ephesiuo
1104 2896 1183 2966 part.
1200 2891 1236 2951 1=

128 2971 278 3040 κᾶκείθεκ
297 2972 482 3057 :mimos
494 2970 577 3055 παραὶ
592 2978 649 3037 τοῦ
660 2971 750 3053 ὄχλου
767 2976 831 3035 κοῖα
849 2974 985 3035 δικαιῶν
1001 2964 1185 3055 ἀπηγόμεθα
1200 2970 1236 3034 ἐν

129 3066 169 3145 roi
191 3063 359 3139 δικανικῶ,
384 3054 475 3123 edrai
490 3055 625 3142 repende
645 3056 728 3140 ἡμᾶς
749 3059 892 3139 δεσμίους
913 3056 955 3131 oie
968 3050 1236 3129 ualdeeudrieoue

128 3152 166 3233 τῇ
193 3122 329 3251 rspopiql
353 3140 534 3224 lammae,
561 3140 754 3227 luprddrscce
776 3142 828 3207 stul
846 3140 1033 3222 doripetron.
1085 3151 1116 3200 et
1137 3141 1235 3200 infra:

126 3234 319 3313 θλιβαμικοι
333 3230 366 3295 ir
379 3235 422 3315 τῷ
436 3231 583 3315 δικανικῷ
598 3224 812 3311 λιμαὶποκκες,
831 3229 885 3286 ubi
904 3230 1052 3306 interpres
1075 3220 1235 3291 amovete

126 3317 269 3377 tribunal
285 3317 519 3377 eocluiaaticum
536 3317 642 3392 vertit,
672 3313 727 3376 sed
753 3332 928 3394 perperam,
956 3323 990 3371 ut
1011 3314 1133 3393 opinorz
1160 3331 1235 3373 nam

127 3407 184 3464 etsi
204 3424 238 3463 ra
261 3422 334 3464 vera
355 3400 551 3482 postmodum
572 3398 631 3459 hac
652 3401 855 3481 appellatione
880 3397 987 3459 donari
1004 3401 1152 3477 potuerit,
1173 3396 1234 3457 hoc

125 3500 230 3549 tamen
245 3489 315 3550 loco
327 3489 490 3551 dominari
502 3486 650 3547 vocabulo
667 3486 778 3546 diserte
792 3502 892 3543 carcer
906 3484 1102 3563 intelligitur,
1123 3486 1151 3543 si
1169 3502 1234 3543 uon

126 3576 367 3650 ecclesiasticus,
393 3574 521 3633 certeis
546 3573 600 3654 qui
619 3569 820 3645 decanorum,
847 3568 945 3629 idest
964 3570 1120 3645 lictorum,
1143 3587 1232 3627 coras

126 3662 309 3721 commissus
324 3668 400 3719 arat.
427 3660 489 3718 nisi
500 3660 568 3739 quir
579 3658 667 3717 malit
679 3654 856 3715 decanicum
867 3657 900 3713 iu
915 3652 973 3713 hac
984 3654 1122 3734 Epistola
1136 3653 1232 3731 accipi

126 3744 240 3807 debere
264 3765 321 3827 pro
341 3745 410 3806 loco
431 3745 545 3826 inquo
566 3745 728 3803 stationem
754 3760 842 3801 suam
865 3738 1018 3801 habebant
1042 3736 1150 3797 decani
1175 3756 1232 3795 seu

125 3832 164 3914 do
206 3836 310 3911 αὖχαι,
330 3832 378 3890 uti
397 3830 588 3911 appellantur
607 3847 626 3887 a
644 3825 780 3887 cedreno
793 3846 824 3907 p.
837 3827 916 3900 1703
938 3823 977 3884 de
993 3824 1103 3904 quibus
1117 3823 1233 3903 passim

126 3928 223 3997 agunt
236 3918 409 3997 scriptores.
440 3924 472 3974 et
483 3916 510 3975 si
522 3912 700 3973 decanicum
711 3910 799 3973 idem
808 3912 868 3970 fuit
882 3929 952 3970 oum
965 3907 1138 3983 diaconico,
1157 3925 1232 3987 pro-

125 4003 229 4063 babile
253 4013 299 4063 est
319 4000 498 4061 decanicum
520 4010 551 4059 et
569 3997 739 4059 dicauiom
754 4006 894 4077 corrupta
907 3992 1102 4076 postmodum
1114 3991 1231 4051 dictum

128 4087 211 4171 quod
228 4086 420 4150 diaconioum
435 4086 581 4168 appellari
598 4084 752 4146 debuerat.
794 4101 852 4143 nec
869 4084 933 4142 scio
948 4099 989 4140 au
1005 4082 1097 4139 etiam
1113 4076 1230 4138 dicaui-

129 4194 197 4235 cum
211 4195 230 4237 a
245 4194 321 4235 roce
334 4174 405 4253 δίκη
415 4172 695 4252 nuncupatumsibi
706 4170 910 4252 persuaserint
920 4168 1100 4247 posteriores
1111 4166 1231 4239 Graeci,

128 4258 209 4343 quod
227 4262 262 4323 iu
283 4259 450 4337 diaconicia
470 4256 583 4321 iudicia
596 4264 839 4321 suasxercereut
852 4252 1024 4336 mudilane,
1044 4248 1129 4334 qaod
1146 4247 1239 4309 iudi«
