3017 4817
281 271 334 348 94
751 269 922 344 Paravn

282 439 447 502 namara
457 439 506 502 die
517 437 548 505 4.
583 441 744 522 imperator
757 452 859 502 uuum
867 442 1022 522 praecepit
1034 439 1100 500 clia
1113 420 1306 500 bebdomada
1318 459 1397 499 car·

284 547 353 588 narn
368 528 500 606 opponr‘5
529 538 559 586 et
571 547 673 587 omrrer
685 531 823 588 cantium
835 529 1001 588 venditores
1010 527 1183 586 oeciderunt
1195 537 1226 584 et
1237 547 1394 605 apposue-

283 624 369 684 runt,
390 625 418 671 et
437 633 522 672 nano
545 612 651 672 edebat
669 625 725 672 unt
742 613 866 673 metat.
906 634 999 693 pono
1014 612 1277 692 parebasactum
1296 623 1340 669 ert
1356 622 1395 669 ns

191 701 215 756 Ρ
231 697 268 756 54
284 700 446 777 imperator
458 699 563 771 mesu,
582 710 609 757 et
622 701 762 758 menaea
776 711 821 758 sat
831 699 966 779 populus
980 701 1121 758 Quom
1133 697 1323 756 hebdomade
1334 719 1394 755 ero-

279 785 413 867 prrflrm.
460 803 501 844 ex
519 785 627 865 quibus
644 787 795 863 colligitur
810 788 958 864 populum
973 783 1143 864 praefixum
1156 783 1194 840 ab
1205 787 1393 863 imperatore

284 871 447 930 terminum
469 866 661 930 hebdomada
681 868 779 930 solida
796 874 997 952 praevenisse.
1038 871 1071 928 in
1090 870 1250 927 annalibus
1268 869 1392 926 confer-

283 965 335 1014 tur
352 953 409 1014 hoc
425 956 456 1013 in
469 973 498 1014 a.
510 955 544 1013 0.
557 955 629 1020 545.
672 977 779 1014 rerum
796 959 934 1038 sequenti
948 957 1039 1035 plana
1053 957 1179 1032 contigit
1193 953 1275 1028 546,
1296 955 1392 1012 lusti·

285 1042 369 1098 niani
389 1041 428 1103 19
449 1037 584 1100 nondum
605 1041 724 1100 evoluto
756 1041 861 1123 (quod
879 1043 981 1121 ipsum
999 1040 1193 1118 scriptoribus
1212 1039 1388 1118 imposuit),

284 1123 425 1186 inchoata
436 1125 499 1182 iam
512 1123 618 1184 Indici.
634 1128 670 1198 9.
706 1128 739 1185 in
753 1145 814 1205 quo
827 1125 1022 1186 vehementer
1035 1123 1260 1183 hallucinantur
1272 1127 1325 1204 qui
1337 1133 1390 1181 aut

286 1227 417 1269 errorem
434 1211 523 1268 illum
540 1211 704 1268 iustiniano
722 1211 874 1284 tribuunt,
897 1221 950 1270 aut
972 1210 1067 1269 ullam
1089 1212 1214 1268 omnino
1238 1207 1391 1287 paschatis

287 1290 475 1374 διαστροφήν
495 1292 637 1354 reddisse
659 1295 807 1370 scribunt,
829 1299 874 1354 nti
891 1293 1045 1354 Cedreuns
1061 1292 1266 1374 Theophanes
1282 1295 1391 1368 etalii,

287 1383 342 1462 qui
352 1399 455 1440 secum
468 1380 526 1458 ipsi
538 1381 694 1460 perspicue
706 1391 852 1459 pugnant.
875 1383 988 1440 etenim
1001 1382 1028 1439 si
1043 1399 1084 1438 ex
1097 1382 1288 1458 imperatoris
1299 1399 1392 1458 prae-

288 1467 418 1544 scripto,
442 1463 524 1544 quod
538 1468 646 1523 canoni
658 1477 892 1525 consentaneum
903 1467 999 1525 fuisse
1014 1483 1090 1524 mox
1102 1463 1311 1538 ostendemus,
1331 1484 1393 1544 pa-

177 1569 180 1578 ’
289 1549 363 1610 scha
382 1549 564 1608 celebratum
577 1561 637 1625 eat,
658 1552 743 1609 nulla
759 1554 824 1610 eius
838 1552 972 1631 profecto
988 1545 1156 1630 διαστροφή
1170 1550 1244 1624 init,
1265 1548 1321 1608 sed
1334 1553 1394 1629 τῆς

289 1629 521 1716 cinospsrrolpcu
543 1634 647 1715 ἑορτῆς
672 1633 836 1712 duntaxat,
868 1656 962 1717 quam
987 1637 1097 1713 vulgus
1120 1638 1295 1714 imperitum
1321 1655 1393 1692 cum

289 1719 560 1802 quartadecimanis
578 1731 680 1779 contra
699 1741 846 1780 canonem
864 1725 974 1781 inierat
989 1721 1144 1778 Februarii
1155 1721 1186 1783 4.
1226 1719 1288 1779 boc
1309 1723 1395 1777 enim

293 1825 372 1864 anno
387 1807 488 1884 eyclm
501 1806 591 1863 lunae
604 1806 662 1863 fuit
679 1806 732 1881 15,
753 1809 855 1886 cyclus
868 1809 940 1867 solis
952 1809 1107 1865 Romanus
1120 1807 1176 1877 23,
1195 1805 1242 1864 lit.
1255 1805 1339 1864 dom.
1352 1806 1393 1880 G,

293 1901 501 1950 concurrentes
515 1893 578 1950 sira
590 1901 712 1970 epactae
727 1893 799 1950 solis
813 1897 851 1967 7,
872 1893 1061 1951 novilunium
1072 1888 1209 1970 paschale
1224 1894 1263 1954 19
1276 1893 1392 1964 Martii,

290 1978 438 2035 terminus
451 1995 522 2034 vcro
537 1971 599 2034 kal.
613 1978 705 2054 Apr.;
728 1995 889 2056 quaecum
902 1977 1144 2036 concurrentibus
1157 1973 1228 2033 dunt
1240 1976 1351 2032 feriam
1361 1977 1394 2036 l.

291 2080 385 2142 quare
398 2057 620 2140 prorogandum
633 2071 753 2140 tempus
766 2081 807 2121 ex
821 2082 952 2138 canone,
977 2072 1008 2120 et
1022 2063 1135 2140 Aprilis
1150 2065 1170 2124 8
1183 2059 1296 2139 pascha
1309 2062 1394 2120 cele-

290 2145 458 2221 brandum,
481 2155 515 2204 ut
534 2149 622 2205 scirit
637 2149 831 2206 lastinianus.
873 2167 975 2207 narsus
990 2167 1033 2206 ex
1046 2143 1153 2206 eodem
1167 2149 1296 2204 Maximi
1309 2165 1394 2204 conr-

291 2243 365 2314 puto
387 2233 532 2292 termium
556 2235 611 2312 τῆς
633 2227 941 2313 supersparsorum
963 2231 1059 2315 ἁγίων
1081 2235 1229 2312 νηστειῶν
1252 2235 1318 2290 sire
1339 2237 1395 2310 τῆς

293 2311 523 2398 deceptorium
541 2314 648 2398 ἑορτῆς
662 2318 816 2376 Februarii
830 2319 867 2392 l,
889 2337 966 2399 quaa
983 2337 1052 2376 cum
1067 2321 1254 2398 apocbrruie
1268 2314 1394 2375 totidem

292 2412 325 2461 et
345 2401 586 2462 concurrentibus
608 2404 701 2462 nullis
718 2401 771 2462 dat
787 2403 895 2462 feriam
913 2406 949 2478 13
971 2400 1156 2483 proindeque
1179 2398 1393 2460 diffimdendus

294 2485 406 2546 diesin
423 2488 621 2551 9Februarii.
664 2507 734 2546 cum
752 2491 846 2567 igitur
862 2489 992 2568 populus
1008 2497 1077 2546 ante
1090 2489 1263 2566 legitimum
1274 2498 1393 2564 tempus

292 2573 326 2632 iu
353 2573 482 2652 ipsomet
506 2574 634 2630 termino
660 2574 809 2632 ieiunium
837 2575 903 2634 sire
930 2571 1191 2656 quadragesimam
1217 2573 1268 2630 rel
1290 2575 1391 2652 potins

291 2651 568 2736 πεντηκοντανντήν
591 2653 762 2716 inchoasset
783 2659 870 2718 Febr.
891 2658 930 2734 4,
961 2659 1162 2718 celebraturus
1190 2655 1300 2737 pascha
1327 2654 1392 2715 kal.

293 2742 423 2820 Aprilis,
456 2743 637 2800 lastinianus
656 2741 753 2802 edixit
770 2763 811 2801 ne
832 2755 901 2802 ante
921 2744 942 2807 8
960 2745 1073 2823 Aprilis
1094 2755 1244 2822 ageretur.
1290 2745 1392 2822 itaque

294 2824 518 2886 hebdomadem
538 2845 632 2886 uuam
655 2825 695 2886 ad
716 2831 736 2892 8
761 2830 899 2888 solennes
922 2827 1056 2901 addidit3
1089 2849 1150 2909 qua
1171 2829 1396 2906 religiosissima

295 2913 382 2992 plebs
395 2915 611 2991 interrumpere
625 2915 773 2971 ieiunium
784 2916 881 2973 noluit
892 2925 923 2972 et
934 2915 1049 2973 oblatas
1061 2933 1165 2972 carues
1178 2916 1304 2992 respuit.
1345 2934 1395 2971 ce-

294 3009 395 3057 terum
417 2999 451 3056 iu
471 2995 561 3056 huius
579 2999 780 3076 explicatione
794 3000 856 3058 loci
868 3001 993 3059 mirilico
1006 2999 1124 3057 aberrat
1138 2997 1281 3077 Iosephus
1294 2999 1396 3057 Scali-

295 3101 355 3226 it.
369 3081 421 3226 ll
430 3080 713 3244 bimi,
722 3081 1396 3246 litt.l’1t¹‚¹l.:tll.?‘l'tt⁰ttbt

295 3271 384 3310 name
400 3255 546 3330 populum
561 3265 652 3336 atque
666 3255 705 3313 ab
718 3273 773 3314 esu
787 3257 922 3314 carnium
936 3256 1114 3315 abstinuisse
1131 3253 1250 3328 scribit,
1272 3273 1345 3312 cum
1355 3274 1396 3312 ex

296 3335 510 3396 consuetudine
535 3339 576 3402 46
598 3349 718 3398 tantum
740 3339 805 3399 dies
828 3342 941 3400 ieiunio
964 3343 1025 3400 sint
1043 3340 1185 3399 attributi.
1225 3357 1336 3397 verum
1356 3358 1396 3397 ex

295 3423 424 3480 Maximi
439 3433 596 3500 computo,
619 3443 711 3504 quem
724 3427 790 3505 ipse
804 3426 837 3484 in
853 3427 967 3484 calcem
983 3425 1054 3484 libri
1070 3427 1118 3484 sui
1132 3425 1274 3500 coniecit,
1295 3427 1396 3482 mani-

295 3508 372 3566 feste
386 3510 580 3566 convincitur.
603 3512 757 3570 Maximus
769 3513 852 3570 enim
864 3509 904 3570 ad
918 3509 1083 3570 eruendam
1095 3506 1155 3590 τήν
1165 3504 1396 3592 ἆποιιρεῶνιμον

296 3586 406 3674 ἑορτήν
426 3591 564 3674 indagari
583 3597 681 3674 primo
705 3597 789 3654 iubet
809 3597 908 3676 cyclos
926 3597 999 3656 solis
1013 3616 1049 3655 ac
1063 3597 1154 3654 lunae
1172 3614 1214 3654 ex
1228 3595 1329 3654 lunari
1341 3617 1396 3674 pe·

297 3677 399 3754 riodo,
420 3689 486 3738 tum
513 3691 730 3740 concurrentes.
772 3679 832 3740 hae
854 3701 925 3740 cum
946 3687 1146 3763 uparanete,
1166 3682 1195 3740 si
1214 3682 1298 3738 ullae
1318 3692 1394 3755 sunt,

298 3775 328 3824 et
342 3768 380 3849 ap*
393 3765 534 3850 nocrrulp
548 3763 619 3824 daut
633 3767 750 3825 feriam.
794 3766 903 3848 quodsi
912 3769 946 3826 in
956 3769 1120 3826 terminmn
1131 3768 1235 3845 ipsum
1247 3764 1395 3824 dominica

298 3847 363 3908 dies
377 3852 524 3925 incurrat,
545 3849 777 3910 diffundendum
791 3873 857 3912 esse
871 3851 954 3912 diem
964 3855 997 3911 in
1012 3862 1190 3932 sequentem
1205 3849 1394 3926 dominicam,

296 3943 331 3994 ut
344 3936 377 3993 in
390 3934 531 4014 paschate
543 3935 607 3996 lieri
620 3939 706 3997 solet.
728 3936 813 3998 addit
825 3959 916 3998 usum
930 3940 1097 4021 ψηφισμοῦ
1108 3939 1143 3996 in
1153 3955 1183 3996 a.
1197 3938 1333 3996 Heraclii
1346 3942 1393 4012 bl,

298 4022 352 4101 qui
373 4032 417 4079 est
435 4019 545 4080 Christi
560 4025 633 4086 641.

382 4107 447 4165 Hoc
462 4116 493 4164 ut
504 4109 622 4185 planius
634 4109 805 4187 intelligas,
826 4110 901 4168 scito
913 4109 1043 4168 Graecos
1057 4104 1307 4189 quadragesimae
1321 4107 1396 4166 ieiu-

297 4187 383 4245 nium
406 4209 423 4248 a
448 4188 614 4268 dominica,
645 4213 736 4274 quam
760 4213 816 4253 nos
835 4197 1043 4273 sexagesimae
1067 4195 1160 4273 vulgo
1183 4191 1327 4266 didmm,
1346 4193 1395 4248 in-

297 4267 405 4329 cbcare
424 4277 553 4353 solitos,
585 4279 667 4359 qnod
692 4277 817 4363 quidem
837 4299 878 4340 ex
899 4282 1028 4350 biammi
1050 4289 1192 4362 computo
1216 4279 1394 4358 colligimus,
